2175 3428
623 126 878 171 EXQERPTA
904 125 969 160 EX
995 123 1138 162 LIBRO
1167 124 1457 162 GLOSSARVM

162 236 570 291 Circumscribtorie
591 237 744 279 callide
765 236 1017 292 subreptiue

162 308 322 352 Ciritat
353 309 564 367 populum
591 309 843 364 adloquitur
875 306 1017 365 (Isid.)

162 379 290 423 Cirne
329 381 472 423 insula
516 394 642 437 grece
680 380 796 422 dicta
834 395 859 422 a
898 379 1018 422 cirno

221 453 378 495 erculis
418 452 509 494 filio
541 452 694 494 habita
727 452 777 493 de
811 466 897 507 qua
936 451 1021 493 uir-

221 525 353 581 gilius
382 524 526 567 cirnea
558 526 682 566 taxos
714 523 830 565 idem
857 526 900 565 et
927 537 1020 565 cor—

221 597 307 639 sice
341 593 484 653 (Isid.)

161 667 319 711 Cirron
338 682 464 724 grece
486 666 703 708 obridium
732 683 885 710 aurum
906 667 1021 723 quod

222 739 341 782 ebrei
373 738 510 794 ophaz
544 739 694 781 dicunt

124 826 140 851 5
161 810 288 854 Citisi
321 825 458 867 genus
489 810 694 853 arborum
725 810 903 868 pinguis
935 811 1019 853 uir-

220 883 352 939 gilius
373 882 610 924 tondentur
631 882 730 925 citis
758 884 881 925 tedas
909 883 1021 924 silua

221 955 311 997 alta
343 953 566 996 ministrat

160 1025 349 1069 Citisum
381 1040 517 1083 genus
552 1027 720 1069 arboris
748 1027 873 1082 quasi
907 1029 1020 1069 cata-

218 1113 323 1140 num
353 1098 457 1140 erba
484 1099 714 1141 odoribera
740 1087 950 1155 uergilius
978 1102 1021 1140 et

221 1171 296 1213 uix
339 1170 526 1212 humiles
572 1170 725 1226 apibus
771 1171 910 1213 casias
955 1184 1020 1212 ro-

219 1258 311 1285 rem
346 1257 428 1298 que
475 1277 482 1282 ,

159 1312 374 1370 Giuicatl)
408 1314 548 1356 ciuem
580 1314 687 1357 facit

160 1385 293 1428 Cibili
320 1400 480 1441 quercu
510 1385 611 1441 quia
633 1386 706 1441 qui
733 1385 921 1443 patriam
948 1386 1018 1428 uel

218 1459 358 1501 ciuem
392 1458 445 1499 ab
478 1457 605 1499 hoste
641 1458 872 1500 liberasset
905 1457 1017 1513 apud

219 1529 403 1587 gentiles
430 1529 561 1571 huius
588 1530 757 1572 arboris
788 1530 1017 1573 frondibus

218 1602 387 1646 arboris
422 1602 715 1645 coronabatur

159 1673 358 1717 Ciuilitas
392 1673 561 1716 mansio
594 1674 756 1717 ciuium

106 1762 138 1786 ιο
160 1744 305 1788 Oiuita
335 1745 580 1802 frequentia

158 1817 360 1861 Clandire
393 1817 635 1860 claudicare

158 1889 349 1945 Clangor
380 1889 637 1931 bucinarum
671 1893 738 1931 est

158 1961 350 2017 Clangor
383 1975 515 2004 sonus
548 1962 653 2004 tube

158 2032 349 2089 Clangor
375 2047 490 2075 nunc
511 2047 642 2076 sonus
669 2035 845 2090 proprie
872 2037 1017 2076 auten]

217 2120 303 2148 uox
336 2105 501 2147 anseris
535 2108 602 2147 est

107 2191 140 2217 15
161 2175 417 2219 Clarescunt
449 2179 666 2233 augentur

160 2248 432 2305 Olarigantes
466 2248 678 2292 clarentes
712 2251 918 2294 florentes

159 2320 398 2364 Clarimum
432 2320 724 2364 clarissimum

159 2391 332 2437 Classes
358 2407 492 2434 naues
519 2394 731 2450 uergilius
758 2396 927 2451 quando
955 2410 1018 2437 ar-

219 2466 360 2506 matas
393 2464 601 2508 deducere
634 2466 796 2509 classes

161 2535 330 2580 Olassia
362 2535 582 2579 exinanita

258 2717 291 2760 1)
324 2726 369 2750 ex
394 2713 567 2750 Ciuificat
591 2720 633 2752 ut
657 2717 730 2752 vid.
758 2727 849 2753 corr.
882 2719 893 2763 ΙΙ

1830 125 1913 166 179

1058 236 1281 280 Classibus
1323 236 1509 278 nauibus
1555 235 1766 293 uergilius
1805 236 1914 277 latet
1934 245 1968 271 ‘20

1118 310 1197 351 sub
1232 309 1426 351 cassibus
1462 323 1700 363 aequorum

1058 381 1252 424 Classica
1285 381 1505 423 exinanita

1059 451 1253 496 Classica
1286 467 1417 494 sonus
1449 452 1554 494 tube

1059 523 1252 567 Classica
1302 524 1455 566 tubam
1506 524 1686 566 lucanus
1735 523 1916 566 classica

1119 597 1235 639 dicta
1268 599 1369 638 sunt
1403 596 1518 650 quod
1550 611 1626 651 per
1666 596 1824 638 classes
1858 595 1917 637 di-

1118 669 1350 711 uidebatur
1394 667 1606 710 exercitus
1645 667 1720 722 qui
1764 670 1917 723 postea

1119 739 1331 795 manipuli
1364 739 1469 781 dicti
1503 742 1603 780 sunt

1050 811 1252 866 ‘Classica
1289 811 1397 853 tuba
1434 811 1615 853 lucanus
1651 811 1917 853 succendunt

1119 883 1301 926 classica
1339 885 1516 925 cantum
1560 882 1603 924 id
1643 886 1711 925 est
1752 883 1915 925 bellum

1118 957 1296 998 mouent

1059 1027 1199 1071 Clatri
1231 1027 1352 1083 ligna
1384 1027 1597 1069 uolubilia
1629 1028 1674 1070 in
1707 1028 1851 1070 cabeis
1937 1035 1971 1060 25

1060 1098 1327 1142 Claudentur
1360 1099 1589 1141 eludentur

1060 1171 1288 1215 Clauditur
1321 1170 1511 1214 cluditur

1059 1243 1277 1288 Claudunt
1309 1243 1537 1285 includunt
1569 1243 1612 1285 id
1645 1247 1712 1286 est
1744 1244 1887 1287 celant

1058 1315 1204 1359 Clanis
1239 1315 1406 1358 manice
1440 1316 1658 1358 temonnis

1057 1388 1215 1431 Clauso
1250 1388 1369 1430 cluso
1403 1384 1563 1444 (γίνῃ.)

1056 1458 1217 1502 Clauus
1250 1463 1367 1502 temo
1402 1461 1477 1501 aut
1508 1460 1647 1515 kaput
1682 1461 1791 1502 remi
1823 1477 1916 1503 uer-

1116 1532 1247 1589 gilius
1280 1532 1539 1586 clauumque
1573 1532 1890 1588 alitoratorque

1059 1602 1239 1660 Cleptus
1273 1604 1431 1660 gippus
1464 1603 1533 1645 uel
1566 1603 1635 1645 fur

1057 1675 1279 1718 Clibanari
1313 1675 1438 1730 quasi
1472 1676 1620 1718 tunica
1651 1676 1791 1718 ferrea

1057 1746 1324 1790 Olibanicius
1357 1747 1483 1803 panis
1515 1747 1560 1790 in
1593 1750 1708 1790 testo
1742 1753 1891 1791 coc-tus

1057 1818 1202 1862 Cliens
1236 1819 1400 1862 amicus
1433 1819 1503 1862 uel
1536 1823 1764 1875 susceptus

1057 1889 1202 1933 Cliens
1237 1891 1400 1933 amicus
1432 1891 1575 1933 minor

1059 1962 1204 2005 Cliens
1227 1963 1503 2006 domesticus
1537 1966 1712 2006 tenatur

1057 2034 1274 2078 Clientala
1307 2035 1560 2078 obseruatio
1593 2036 1832 2080 domestica

1057 2105 1272 2149 Clientela
1304 2108 1550 2151 subiectum
1582 2108 1771 2152 amicum

1057 2178 1271 2222 Clientela
1301 2179 1495 2223 officium
1522 2181 1750 2224 domestici
1776 2181 1820 2223 id
1849 2185 1915 2224 est
1935 2189 1970 2212 ‘¹⁰

1116 2251 1288 2312 clientis

1057 2321 1273 2366 Clientela
1305 2323 1585 2367 familiaritas

1057 2393 1249 2438 Clientes
1283 2396 1412 2439 amici
1444 2397 1514 2438 uel
1547 2397 1662 2439 serui

1057 2466 1246 2510 Clientes
1279 2467 1441 2510 famule
1473 2469 1659 2510 humiles

1056 2537 1275 2582 Clientille
1309 2540 1499 2595 amicitie¹

1937 1397 1970 1421 30

1935 1828 1970 1852 35

257 2885 288 2917 1.
316 2880 684 2927 Circumscriptoriae
709 2884 720 2928 ΙΙ
746 2886 778 2919 2.
806 2883 852 2918 de
877 2883 927 2931 gl.
954 2886 1031 2921 eod.
1057 2887 1069 2930 ΙΙ
1100 2889 1131 2921 3.
1160 2884 1341 2931 uergilius
1367 2887 1378 2929 ΙΙ
1410 2888 1441 2920 4.
1469 2885 1586 2930 ophat
1614 2887 1625 2930 ΙΙ
1658 2888 1689 2920 5.
1716 2884 1878 2920 Cicisum
1907 2885 1910 2932 Ι

91 2934 95 2939 ’
161 2940 358 2976 odoribera
392 2952 437 2976 m.
455 2946 486 2985 1,
525 2941 712 2976 odorifera
743 2947 827 2978 m.3
870 2944 881 2989 ΙΙ
925 2947 956 2980 8.
991 2946 1084 2990 aput
1126 2947 1137 2989 ss
1183 2948 1236 2980 17.
1277 2944 1492 2979 clarismum
1525 2955 1595 2988 pro
1634 2943 1884 2979 clarissimum
1902 2946 1915 2993 Η

162 3003 218 3036 20.
244 3000 405 3035 nouibus
429 3001 433 3045 Ι
457 3000 606 3035 casibus
632 3002 644 3046 ΙΙ
668 3005 725 3038 21.
752 3001 1002 3050 exinatimpta
1020 3007 1033 3049 ΙΙ
1058 3008 1113 3039 23.
1141 3004 1235 3038 tuba
1257 3006 1262 3050 Ι
1284 3003 1441 3038 lucanus
1467 3014 1580 3038 rauco
1613 3005 1616 3048 Ι
1646 3007 1702 3040 24.
1728 3005 1879 3039 tantum
1907 3006 1911 3053 Ι

162 3059 316 3095 mobent
352 3062 364 3105 Π
401 3063 456 3096 25.
484 3060 612 3095 cubeis
649 3063 661 3107 ΙΙ
697 3065 754 3098 26.
781 3061 1011 3098 Claudentur
1037 3063 1259 3098 claudentur
1295 3065 1307 3109 ΙΙ
1344 3067 1400 3100 31.
1428 3063 1543 3108 caput
1570 3064 1575 3109 Ι
1604 3062 1878 3109 alitor-aturque
1902 3069 1915 3113 il

164 3121 219 3156 36.
247 3119 386 3155 amicos
407 3121 418 3165 {l
438 3123 493 3156 37.
520 3121 669 3156 tenator
688 3123 699 3167 ΙΙ
720 3125 775 3159 39.
803 3122 1014 3158 sublectum
1034 3125 1045 3169 Η
1065 3126 1120 3158 42.
1149 3122 1265 3158 amihi
1291 3135 1337 3160 m.
1353 3127 1385 3169 1,
1412 3122 1524 3158 amici
1550 3135 1594 3158 m.
1610 3126 1632 3158 3
1652 3125 1663 3168 n

1560 3182 1627 3218 12*
