2175 3428
626 113 881 149 EXCERPTA
907 113 970 147 EX
996 113 1139 148 LIBRO
1167 113 1455 149 GLOSSARVM

165 222 394 264 Lactentia
427 221 551 277 quasi
583 237 686 265 suco
719 223 859 265 lacteo
892 223 1020 277 plena

225 294 389 336 dictum
422 294 471 335 de
505 293 745 337 secretibus

161 365 344 407 Laetare
383 365 544 408 circum
583 365 732 408 fraude
764 380 920 408 uocare
960 368 1019 407 te—

221 437 387 479 rentius
415 436 501 479 11181
513 436 544 492 ¹)
573 451 640 478 me
660 436 848 479 13813888
875 451 1018 478 3111311-

221 510 310 549 18111

160 578 330 621 Lacune
376 593 484 634 aque
534 579 653 621 lacus
705 593 814 633 aque
864 579 1018 620 lacuna

221 650 379 692 dicitur
399 650 540 692 omnis
562 664 773 704 aquarum
789 650 1015 706 congeries

221 719 364 778 (Isid.)

158 792 277 846 118113
310 792 495 835 3111181118
528 794 738 835 rotundus
779 793 935 848 duplex
966 797 1016 835 ut

218 862 349 905 iulius
383 864 528 906 suauis
562 865 786 907 suetonius
817 879 920 906 uero
955 864 1016 907 ait

218 937 323 991 toga
360 935 517 992 duplex
563 936 637 991 qui
674 936 893 978 infibulati
944 936 1016 978 fla-

218 1006 356 1049 mines
404 1008 650 1050 sacrificant
698 1007 827 1050 huius
879 1008 1014 1050 uestis

217 1078 420 1120 inuentor
450 1079 570 1121 lenas
604 1080 847 1135 appellatus
881 1082 948 1122 est

121 1162 136 1186 5
158 1149 402 1204 Lampadas
425 1151 680 1193 solistitium
696 1151 886 1193 estibum
901 1152 1014 1206 quod

217 1223 284 1262 est
323 1222 479 1264 octabo
518 1223 725 1264 kalendas
758 1222 885 1264 iulias
917 1223 1013 1264 ideo

217 1293 441 1348 lampadas
474 1294 634 1336 dicitur
672 1295 840 1350 eoquod
879 1310 930 1337 ex
962 1310 1012 1337 80

216 1365 284 1406 (118
315 1364 485 1421 lampas
519 1365 623 1407 solis
652 1365 896 1408 claritatem
927 1382 1014 1409 ma-

216 1435 354 1479 iorem
386 1436 572 1492 accipiat
612 1438 800 1480 calorem
833 1452 914 1492 que
953 1438 1013 1479 ni-

215 1507 351 1550 mium
408 1508 677 1552 aduenientis
736 1509 890 1552 estatis
952 1509 1013 1551 in-

214 1578 370 1621 fundat

155 1649 373 1705 Lampade
412 1651 621 1695 feminino
666 1667 823 1709 genere
863 1656 1014 1696 extant

215 1737 294 1764 nec
326 1722 524 1779 lampade
558 1724 674 1767 clara

156 1792 350 1836 1131131118
384 1794 589 1838 1881311118
623 1794 783 1852 (Viry.)

155 1865 319 1908 Lances
341 1866 543 1909 missoria
557 1867 760 1924 uirgilius
781 1868 1012 1923 lancesque

215 1940 259 1979 et
291 1938 382 1980 liba
413 1938 600 1981 feremus

154 2008 368 2052 Lancinat
400 2011 579 2053 bellicat
611 2011 802 2054 trucidat
834 2009 992 2067 (Vim.)

106 2095 139 2119 10
157 2080 397 2124 Lancinata
434 2085 532 2125 cute
565 2083 702 2125 oculis
742 2082 1013 2125 mordatibus

214 2153 452 2196 laceratum
486 2152 643 2211 (Viry.)

156 2223 445 2268 Lancinatum
507 2229 574 2268 est
642 2227 882 2270 laceratum
946 2229 1013 2268 est

216 2294 285 2352 (V
283 2295 375 2353 c'ry.)

157 2367 505 2412 Lancinauerunt
536 2370 804 2413 lacesserunt
816 2368 851 2427 2)

155 2438 505 2483 Lancinauerunt
536 2442 839 2484 lacerauerunt

1825 115 1912 156 215

1057 222 1258 265 Laniauit
1277 222 1513 265 minutauit
1531 222 1756 265 frustatim
1768 221 1803 279 3)
1831 224 1911 265 dis-

1117 295 1281 350 rumpit
1314 295 1405 337 siue
1439 294 1692 337 dilacerauit

1056 365 1237 408 Lanista
1256 366 1525 409 macellarias
1541 365 1616 421 qui
1631 380 1780 408 carnes
1795 366 1910 409 ferro
1932 379 1964 404 15

1117 435 1285 478 laniant

1056 507 1277 550 Lanitium
1307 524 1409 551 cura
1436 508 1583 551 ouium
1611 509 1838 565 diligentia
1864 512 1912 551 ut

1116 580 1237 621 lanas
1270 580 1428 622 abeant

1055 651 1271 706 Lanterne
1311 651 1455 694 arcule
1498 655 1599 693 sunt
1637 652 1753 694 uitro
1793 652 1909 694 cluse

1113 723 1230 764 intra
1245 738 1351 778 quas
1372 726 1593 778 ponuntur
1613 723 1787 765 lucerne
1803 738 1910 778 quas

1114 794 1422 837 circumferant
1449 793 1502 835 ad
1527 794 1821 849 praebendum
1849 795 1909 836 lu-

1113 881 1212 907 men
1233 866 1348 920 quod
1374 864 1495 907 uenti
1521 865 1650 907 flatus
1678 865 1796 908 adire
1823 881 1910 908 non

1112 939 1260 992 potest

1053 1008 1269 1062 Lanterne
1310 1008 1454 1050 arcule
1493 1010 1595 1050 sunt
1636 1008 1753 1050 uitro
1793 1009 1910 1051 cluse

1114 1081 1158 1121 in
1191 1095 1275 1135 qua
1312 1080 1485 1122 lucerne
1526 1082 1602 1122 aut
1635 1079 1909 1136 eicendelia4)

1113 1154 1344 1194 uentorum
1377 1152 1507 1193 flatus
1542 1151 1660 1193 adire
1692 1166 1781 1193 non
1812 1167 1909 1207 pos-

1113 1226 1214 1265 sunt
1265 1223 1375 1265 unde
1420 1226 1463 1264 81
1513 1223 1566 1264 3(1
1615 1223 1910 1278 praebendum

1110 1295 1284 1337 lucerne
1340 1295 1468 1337 facile
1519 1294 1680 1349 ubique
1731 1294 1920 1340 circum<

1111 1366 1358 1409 fereruntur

1051 1437 1314 1493 Lapicedina
1358 1440 1478 1482 locus
1523 1439 1598 1481 ubi
1642 1438 1808 1494 lapides
1848 1454 1910 1481 ce-

1112 1510 1273 1552 duntur

1050 1581 1292 1637 Laquearia
1323 1582 1506 1625 funiculi
1538 1583 1589 1625 de
1623 1582 1780 1638 quibus
1815 1597 1911 1624 can·
1931 1596 1964 1620 20

1113 1653 1205 1695 dele
1239 1653 1464 1696 decamera
1497 1655 1822 1709 suspenduntur

1051 1723 1350 1780 Laquearibus
1377 1726 1540 1782 legitur
1564 1728 1607 1768 et
1632 1725 1909 1768 lacunaribus

1110 1797 1322 1839 lucrecius
1354 1797 1558 1852 laqueata
1593 1812 1694 1839 aure
1722 1798 1773 1839 ad
1801 1813 1909 1853 aque

1112 1870 1228 1910 tecta

1052 1939 1335 1996 Largiuscule
1368 1939 1533 1996 largius

1052 2011 1196 2054 Larua
1227 2011 1415 2053 humbra

1052 2082 1196 2125 Larua
1227 2083 1450 2126 maleficus
1483 2086 1559 2125 aut
1591 2083 1840 2127 incantator

1052 2154 1258 2196 Laruales
1293 2155 1534 2197 demoniosi
1928 2168 1961 2193 25

1051 2226 1190 2268 Latex
1221 2226 1372 2268 uinum
1406 2242 1455 2268 80
1490 2227 1605 2282 quod
1637 2226 1681 2268 in
1714 2242 1818 2269 uasa
1850 2227 1909 2269 13.-

1111 2301 1203 2340 teat
1234 2313 1336 2340 nam
1369 2298 1515 2341 omnia
1555 2298 1791 2340 humorosa
1824 2313 1909 2353 qua

1112 2385 1188 2412 suo
1216 2370 1361 2412 fructu
1388 2370 1648 2413 clauduntur
1671 2369 1821 2411 latices
1848 2370 1907 2411 (11-

1111 2444 1269 2484 cuntur

254 2593 288 2638 1)
309 2597 443 2638 poster.
471 2593 485 2628 i
510 2606 537 2630 s.
563 2606 630 2630 scr.
658 2598 741 2631 m.2
766 2597 777 2640 ΙΙ
810 2597 846 2640 2)
875 2596 1022 2630 sserunt
1046 2607 1092 2631 m.
1108 2600 1132 2631 2
1159 2596 1200 2631 in
1226 2607 1296 2632 ras.
1323 2598 1334 2641 Η
1366 2597 1402 2640 3)
1424 2600 1508 2640 post
1535 2607 1557 2629 3
1582 2598 1606 2630 :2
1631 2595 1701 2630 litt.
1728 2605 1831 2639 eras„
1857 2594 1908 2628 im

156 2653 239 2687 add.
266 2664 310 2688 m.
327 2656 352 2688 2
384 2654 396 2697 ΙΙ
428 2654 464 2698 4)
500 2665 522 2689 3
547 2657 631 2690 7132
656 2656 697 2690 in
721 2666 793 2691 ras.
819 2655 831 2699 ΙΙ

253 2797 283 2828 1.
312 2794 503 2841 segetibus
534 2797 545 2840 ΙΙ
577 2798 608 2830 2.
636 2795 837 2831 terrentius
867 2798 880 2842 ΙΙ
911 2800 943 2833 4.
970 2796 1186 2832 inflabulati
1217 2799 1227 2842 ΙΙ
1260 2800 1290 2832 5.
1325 2795 1487 2831 estiuum
1519 2808 1563 2832 eoe
1588 2796 1751 2831 estibum
1776 2807 1867 2832 corr.
1895 2798 1899 2844 Ι

160 2852 255 2887 VIII.
281 2855 284 2896 Ι
307 2852 507 2900 kalendas]
533 2854 573 2895 k}
606 2855 611 2899 1
633 2853 806 2902 nimium]
832 2855 913 2903 nin}
947 2859 958 2902 ΙΙ
991 2861 1021 2893 6.

1049 2856 1259 2902 Lampades
1285 2867 1330 2891 ea:
1355 2856 1545 2904 Lampade
1572 2867 1663 2891 corr.
1687 2856 1692 2903 Ι
1721 2855 1863 2901 lampa}
1905 2866 1907 2911 Ι

160 2916 190 2948 7.
217 2911 392 2947 retiarius
412 2914 424 2958 {1
451 2916 576 2948 8—18.
603 2925 728 2960 maryo
750 2915 947 2951 abscissus:
971 2928 1101 2952 ‘nomen
1127 2920 1222 2951 auct.
1243 2916 1338 2952 deest
1356 2916 1368 2961 ΙΙ
1389 2919 1444 2950 10.
1469 2914 1708 2950 mordacibus
1733 2917 1745 2960 11
1771 2919 1826 2951 11.
1853 2916 1906 2950 13-

158 2972 306 3007 88131118
337 2973 349 3017 ΙΙ
382 2975 437 3008 14.
464 2971 675 3007 frustratim
696 2975 700 3017 1
725 2972 886 3020 disrupit
910 2987 954 3012 ea:
980 2974 1181 3020 disrumpit
1206 2986 1296 3010 corr.
1329 2976 1341 3020 ΙΙ
1375 2978 1428 3010 15.
1462 2974 1700 3009 macellarius
1723 2977 1728 3020 Ι
1749 2974 1872 3010 1311131
1896 2975 1907 3021 11

161 3034 214 3067 16.
241 3030 409 3066 habeant
433 3033 445 3077 ΙΙ
479 3035 531 3067 17.
559 3031 824 3068 circumferunt
847 3035 859 3079 ΙΙ
892 3037 946 3071 18.
975 3035 1286 3070 circumferuntur
1310 3035 1321 3078 11
1354 3038 1408 3070 20.
1438 3034 1639 3069 dekamera
1665 3036 1677 3079 ΙΙ
1705 3038 1760 3070 21.
1788 3033 1905 3069 lucre-

158 3090 234 3126 tius
257 3094 262 3136 Ι
286 3094 507 3137 3111831123.
534 3091 666 3126 umbra
692 3105 723 3137 13³
749 3104 794 3128 ex
818 3094 978 3130 humbra
1006 3097 1036 3138 Η
1063 3107 1153 3130 corr.
1174 3095 1260 3140 1126.
1288 3092 1390 3128 113818
1416 3105 1460 3129 er
1486 3105 1578 3128 uasa
1604 3105 1694 3130 corr.
1715 3095 1726 3138 ΙΙ
