2221 3490
205 1186 236 1211 10

203 1548 236 1574 15

202 1985 236 2008 20

203 2781 237 2805 30

749 123 993 160 SPECIMEN
1020 124 1205 161 CODICIS
1231 124 1538 161 AMBROSIAM
1934 127 1992 168 42
1997 127 2022 168 9

258 235 462 277 Nummis
495 235 678 277 uirtutis

256 306 404 349 Luxus
438 307 609 349 luxoria
641 308 711 350 uel
745 308 930 350 lasciuia

257 378 456 422 Petalum
495 380 541 421 in
574 394 660 435 quo
700 380 914 435 scriptum
947 383 1014 422 est
1048 395 1121 422 no-

317 467 418 494 men
475 452 544 494 dei
599 451 669 494 uel
725 455 1121 508 tetragrammaton

317 522 384 581 (in
416 538 495 580 gra
527 539 548 565 r
579 522 798 580 superser.)

257 595 499 637 Insolentia
530 595 788 650 inquietudo
818 595 890 637 uel
922 595 1105 637 lasciuia

257 666 456 709 Cosolari
484 667 653 709 delatus
676 667 884 724 dignitati
909 667 1121 709 adductus

257 739 466 782 Facessat
499 736 734 796 (facesscat
765 740 812 781 in
843 753 973 794 mar-[J.
1006 739 1121 795 ΜΣ)

316 809 509 866 desinat)

255 882 530 938 Expiscabar
563 883 790 939 capiebam

258 953 491 1011 Sceptrum
523 957 651 1012 uirga
683 957 844 1013 regalis

255 1026 598 1085 Apologeticum
613 1029 908 1072 excusabilem
918 1027 983 1086 (in
992 1044 1120 1084 mary.

315 1102 436 1142 m.2.·
468 1100 693 1157 apollogiu
727 1099 942 1158 acusatio)

258 1171 478 1214 Incessere
510 1172 708 1216 incedere
741 1174 811 1215 uel
846 1174 1088 1231 inpugnare

255 1243 503 1286 Arcebatur
534 1245 784 1300 pellebatur

256 1317 324 1358 Ad
358 1316 549 1359 stadium
582 1318 635 1360 ad
668 1318 813 1362 locum
848 1319 1103 1362 certaminis

255 1388 497 1432 Fortunam
530 1389 671 1433 fatum

257 1459 564 1504 Confectorem
597 1462 927 1506 interfectorem

255 1533 397 1577 Idiote
431 1535 559 1577 stulti
603 1580 606 1582 ,

255 1605 426 1649 Psaltes
461 1607 642 1663 cythara

255 1678 506 1722 Incominus
539 1681 720 1736 propius

255 1750 623 1794 Luculentissime
657 1753 1009 1808 splendidissime

256 1822 321 1866 De
366 1824 577 1880 figmento
617 1825 668 1867 de
710 1826 1006 1881 plasmatione
1048 1829 1121 1870 ho-

316 1896 447 1938 minis

257 1966 370 2010 Sena
401 1971 550 2024 turpes
584 1970 752 2013 incesta
785 1972 1069 2027 coinquinata

255 2040 504 2084 Eliceretur
537 2045 871 2099 extorqueretur

256 2113 497 2169 Ergastulo
533 2115 576 2156 in
610 2131 781 2158 carcere

255 2185 308 2227 In
333 2186 552 2230 mei-thece
573 2188 619 2229 in
640 2189 769 2231 domo
797 2193 1121 2246 unguentorum

256 2258 501 2303 Nutatione
534 2261 810 2304 dubitatione

222 2330 432 2387 aflai-ene
496 2333 618 2376 locus
681 2334 751 2376 uel
821 2335 1122 2390 pauimentum

318 2404 483 2446 theatri

195 2475 198 2478 ⁴
258 2476 487 2519 Nundinas
520 2478 844 2534 negotiationes

259 2549 407 2592 Ouans
441 2550 634 2606 gaudens

256 2621 537 2677 Tripudiaret
568 2622 765 2666 uinceret

259 2693 499 2737 Graticulis
531 2694 686 2738 ferreis
719 2696 847 2740 factis

259 2766 422 2810 Vesani
454 2767 595 2810 insani

257 2839 324 2881 Ea
357 2842 622 2896 tempestate
656 2855 706 2883 eo
739 2843 935 2898 tempore

257 2911 403 2954 Horas
443 2912 620 2954 diurnas
658 2916 983 2971 nocturnasque
1026 2931 1121 2959 con—

317 2987 524 3040 putantes
563 2983 608 3026 id
646 2988 713 3027 est
750 3001 830 3041 pro
870 2988 1123 3053 XLOdiebus

319 3069 383 3099 xx
416 3059 618 3099 statuunt

259 3128 385 3173 Fisco
419 3129 597 3187 publico
631 3129 826 3174 dominio
860 3133 1020 3176 cesaris

1160 235 1301 292 Regio
1329 237 1507 278 morbus
1535 251 1692 292 corpus
1720 237 1858 280 afficit
1879 239 2023 281 colore

1220 309 1333 350 sicut
1364 309 1486 364 pedis
1519 309 1741 364 accipitris

1162 379 1443 422 Simultatem
1481 381 1807 423 contentionem
2043 398 2078 423 35

1160 451 1382 494 Liberales
1440 452 1612 494 litteras
1666 469 1772 509 quas
1824 455 2023 497 homines

1223 525 1440 566 seculares
1473 525 1627 581 legunt

1160 595 1420 651 Expolitum
1454 600 1658 639 ornatum

1160 667 1353 710 Infestus
1387 669 1588 711 inimicus
1622 670 1691 711 uel
1725 671 1873 726 grauis

1160 739 1343 782 Inruens
1379 741 1590 783 molestus

1160 811 1452 854 Terebrantes
1485 813 1759 867 perforantes
2045 833 2080 857 40

1160 882 1335 939 Flagris
1368 883 1556 939 flagellis

1160 954 1347 998 Infestes
1382 956 1473 998 sine
1507 957 1645 999 barba

1160 1027 1382 1070 Affatibus
1416 1029 1545 1071 dictis

1161 1099 1288 1143 Basis
1317 1116 1444 1143 omne
1473 1103 1587 1157 quod
1614 1102 1900 1146 fundamento
1929 1106 2026 1147 sub—

1220 1173 1326 1228 poni
1358 1176 1507 1229 potest

1162 1243 1496 1289 Contribulibus
1531 1247 1661 1289 simul
1695 1248 1920 1292 tribulatis
2046 1265 2082 1290 45

1161 1317 1409 1373 Expolierit
1455 1319 1679 1361 ornauerit
1723 1321 1793 1362 uel
1842 1321 2028 1364 declara-

1221 1391 1337 1432 uerit

1161 1462 1399 1505 Perissima
1431 1467 1772 1520 purgamentum
1805 1468 1925 1522 pomi
1958 1468 2026 1509 uel

1222 1535 1407 1578 alicuius
1442 1550 1569 1591 cause
1603 1537 1674 1579 uel
1708 1539 1944 1595 quisquilia

1161 1607 1421 1658 Cataceseos
1456 1608 1654 1664 doctrine

1162 1680 1448 1736 Inpotentum
1468 1681 1717 1737 inpotentia
1738 1683 1808 1726 uel
1830 1683 2029 1740 inpoten-

1222 1753 1335 1795 tium

1162 1825 1369 1867 Abiurari
1403 1826 1457 1867 ab
1492 1826 1585 1881 iuro
1620 1828 1801 1882 ecclesio
1835 1829 2005 1872 abicere
2048 1845 2082 1869 ,πο

1163 1896 1462 1940 Garrientium
1495 1914 1572 1954 per
1604 1899 1755 1942 ludum
1788 1901 2026 1944 dicentium

1162 1970 1318 2012 Reusti
1351 1971 1511 2013 iterum
1545 1972 1634 2014 usti

1161 2042 1279 2084 Exta
1311 2043 1524 2085 intestina

1161 2115 1213 2156 In
1246 2116 1425 2158 metalla
1458 2116 1503 2158 in
1536 2132 1706 2159 carcere

1164 2186 1354 2231 Salareis
1387 2189 1584 2244 pecuniis
1618 2190 1779 2231 debitis

1161 2259 1480 2304 Proscribenda
1512 2262 1789 2317 dampnanda

1162 2333 1364 2376 Fluitans
1397 2334 1535 2376 fluens

1161 2404 1364 2449 Galerius
1396 2407 1624 2463 proprium
1657 2422 1817 2450 nomen

1163 2477 1430 2534 Sexcuplum
1475 2480 1662 2523 sedecim
1707 2495 1786 2536 pro
1826 2497 1912 2523 uno
1954 2483 2027 2524 sed

1223 2551 1332 2594 semi
1364 2551 1546 2608 duplum
1578 2555 1687 2608 puto

1163 2621 1424 2666 Cuniculum
1457 2623 1652 2666 foramen
1685 2625 1754 2666 uel
1788 2627 1951 2668 canalis
2047 2643 2081 2665 ιω

1163 2695 1428 2738 Fautoribus
1464 2697 1739 2739 adiutoribus

1162 2767 1341 2811 Infenso
1374 2769 1489 2811 irato

1161 2839 1396 2883 Obuncans
1431 2842 1669 2899 obiurgans

1162 2912 1332 2969 Fragor
1363 2928 1450 2956 uox
1482 2914 1552 2956 uel
1586 2915 1755 2957 sonitus

1163 2984 1428 3028 Cohibentia
1458 2986 1697 3042 perhibitio
2047 3003 2081 3029 (35

1162 3057 1352 3113 Perpera
1385 3058 1478 3101 sine
1512 3073 1643 3101 causa

1163 3130 1357 3174 Anulum
1390 3131 1492 3174 fidei
1525 3132 1777 3175 libertatem
