2175 3428
681 144 939 183 EXCERPTA
965 147 1029 182 EX
1055 147 1199 184 LIBRO
1227 147 1518 185 GLossARVM

218 255 469 299 Demiratus
508 257 582 299 diu
619 258 805 300 miratus
844 258 969 301 ualde
1002 258 1079 300 mi-

277 332 397 371 ratus

217 399 551 445 Demoniciones
584 402 921 458 superstitiones

216 471 489 516 Demutilare
534 477 601 516 est
645 474 809 530 aliquid
853 475 1077 531 integrum

192 541 194 543 ’
276 545 531 588 detruncare

215 616 459 659 Demutilat
491 618 720 660 detruncat
752 617 938 673 dissipat

180 709 196 734 5
216 687 497 731 Denicalibus
554 688 672 731 ferus
725 692 831 745 aput
880 704 1076 746 paganos

275 763 399 802 erant
439 776 488 802 ea
526 760 658 803 efarie
700 762 872 816 quando
918 776 1077 817 aquam

272 846 362 874 non
398 831 560 874 licebat
600 833 803 876 inducere
849 834 966 890 agris
1005 849 1076 889 pa—

272 903 381 946 ratis
415 904 470 946 ob
503 903 668 947 honore
700 905 937 948 nimfarum

213 975 381 1018 Densat
422 976 563 1032 spissa
596 978 849 1034 coniugatio
889 978 1077 1020 secunda

272 1048 424 1090 denset
468 1063 548 1091 uos
592 1049 731 1091 unimi
775 1050 952 1092 densete
1003 1050 1075 1092 ka-

270 1121 418 1162 terbas

213 1191 421 1234 Dentales
449 1207 574 1235 aures
596 1192 799 1236 dicuntur
827 1194 961 1236 aratri
984 1195 1075 1250 qui-

269 1264 352 1306 bus
384 1265 518 1307 latior
549 1265 745 1308 redditur
777 1266 909 1308 sulcis

210 1335 426 1391 Depalata
459 1337 551 1379 siue
584 1337 790 1379 deuoluta

210 1407 428 1463 Depalata
458 1409 741 1452 manifestata
773 1410 981 1453 deuoluta

157 1502 190 1526 10
210 1478 421 1535 Depectio
453 1481 574 1536 pacis
608 1482 903 1524 confederatio

208 1551 475 1607 Deperiebat
508 1556 677 1609 turpem
712 1569 804 1597 rem
837 1555 1049 1611 diligebat

208 1623 474 1680 Deperiebat
507 1626 623 1681 turpi
657 1641 804 1669 amore
839 1628 1051 1684 diligebat

207 1695 416 1752 Deperire
448 1697 590 1753 perire

207 1767 385 1824 Depisci
417 1770 579 1825 pacisci

155 1861 189 1886 15
207 1840 421 1896 Depiscor
452 1843 675 1898 transigor

206 1912 505 1968 Depoculatur
537 1914 876 1970 deprehenditur

208 1984 452 2040 Deprecare
485 2000 691 2029 excusare
724 1987 794 2029 uel
828 2002 1068 2043 expurgare

233 2075 235 2077 ¹
268 2071 420 2113 cycero
456 2059 559 2114 quid
598 2059 749 2115 inquid
787 2059 896 2102 facit
929 2064 1070 2103 orten—

267 2130 356 2172 sius
390 2130 575 2172 auaritie
607 2146 660 2173 ne
689 2131 873 2174 crimina
903 2132 1069 2190 fragili-

267 2202 372 2244 tatis
404 2202 607 2245 laudibus
641 2204 896 2260 deprecatus

206 2274 412 2331 Deriguit
444 2275 660 2331 obstipuit

206 2345 403 2403 Diriguit
436 2347 707 2402 stupefactus
742 2352 809 2391 est

152 2438 185 2462 20
205 2417 510 2461 Describtibus
525 2420 808 2475 descriptioni
824 2424 1066 2477 oportunus

265 2495 309 2533 et
339 2491 612 2534 necessarius
643 2494 718 2534 aut
749 2495 870 2535 totus
903 2494 975 2538 hic
1007 2495 1067 2536 lo-

266 2578 341 2606 cus
374 2563 658 2619 discriptiuus
691 2568 758 2607 est

1892 151 1973 195 189

1116 258 1322 301 Detrudit
1337 261 1527 303 excludit
1541 261 1720 303 lucanus
1734 276 1849 304 nunc
1871 263 1974 304 sude

1175 332 1362 374 retrudit
1394 333 1530 375 muris

1115 394 1351 445 Deuaricat
1382 405 1586 459 procobit

1115 472 1396 517 Deuerticula
1421 479 1524 518 sunt
1544 477 1698 519 semite
1725 480 1974 520 transuerse

1114 545 1407 590 Deuerticulis
1422 547 1573 591 diebus
1590 550 1864 592 uertentibus
1881 550 1972 592 siue
1995 569 2028 594 25

1175 618 1510 663 deuoluentibus

1114 688 1446 734 Deuerticulum
1477 693 1554 734 ubi
1587 693 1822 736 diuertitur

1114 760 1351 805 Deuotatio
1384 778 1462 819 per
1493 763 1686 806 furorem
1724 766 1973 808 maledictio

1115 832 1280 876 Dextra
1307 835 1409 877 data
1441 835 1640 878 fidutiam
1670 838 1824 879 salutis
1857 838 1973 880 fidei-

1175 921 1258 961 que
1296 907 1516 949 custodire
1554 909 1778 963 promittit
1820 925 1973 964 cycero

1174 978 1408 1035 dextreque
1440 979 1540 1022 fidei
1570 982 1683 1022 teste
1711 995 1804 1023 esse
1833 981 1975 1023 solent

1115 1049 1341 1093 Dibalatio
1375 1051 1611 1108 disignatio

1113 1120 1291 1164 Dicabit
1324 1123 1504 1166 deuobit
1536 1125 1809 1167 consecrabit
1995 1146 2028 1171 30

1114 1193 1281 1237 Dicabo
1316 1197 1582 1239 consecrabo

1114 1265 1281 1309 Dicabo
1303 1267 1416 1310 dabo
1436 1269 1650 1311 terentius
1670 1269 1783 1312 113Πο
1798 1285 1974 1326 operum

1172 1339 1256 1380 tibi
1288 1338 1384 1383 dico
1417 1341 1462 1382 id
1494 1344 1561 1383 est
1593 1341 1812 1397 diapassio
1843 1344 1975 1398 parti-

1172 1411 1335 1466 cipium
1367 1412 1509 1455 dictus
1540 1413 1647 1456 facti
1684 1428 1773 1456 non
1805 1414 1972 1457 dicatus

1113 1482 1280 1525 Dicabo
1314 1487 1462 1527 utrum
1495 1485 1606 1528 dabo
1640 1501 1695 1528 an
1727 1490 1776 1528 ut
1808 1488 1971 1542 potiori

1172 1555 1216 1597 in
1249 1556 1506 1613 obsequium
1546 1558 1717 1601 tradam
1749 1562 1799 1601 ut
1831 1559 1971 1602 dicam

1172 1627 1254 1670 diis
1288 1628 1401 1670 dona
1434 1628 1553 1672 dicut

1109 1699 1304 1742 Dicassit
1336 1701 1548 1744 dicauerit

1110 1770 1240 1814 Dicat
1273 1772 1444 1816 dedicat
1476 1774 1519 1815 id
1553 1778 1620 1816 est
1653 1779 1880 1818 consecrat

1111 1844 1268 1886 Dicata
1301 1849 1556 1888 consecrata

1108 1915 1279 1958 Dicatis
1313 1919 1578 1962 consecratis

1109 1988 1190 2031 Dic
1224 1989 1383 2044 quibus
1416 1991 1462 2033 in
1493 1992 1623 2033 terris
1650 2008 1672 2033 0
1706 1992 1834 2035 terris
1862 1994 1970 2035 mihi

1168 2077 1322 2104 manus
1357 2063 1502 2119 apollo

1107 2132 1329 2177 Disculsio
1362 2137 1561 2191 expulsio

1107 2206 1393 2250 Dictamnum
1412 2209 1496 2251 hoc
1514 2212 1581 2251 est
1601 2209 1794 2265 poleium
1814 2211 1968 2253 martis
1989 2229 2024 2254 40

1106 2277 1295 2322 Dictitat
1327 2280 1578 2337 frequenter
1604 2282 1742 2324 dictat
1767 2283 1837 2325 uel
1864 2283 1970 2325 dicit

1105 2349 1240 2393 Dictu
1273 2352 1458 2395 effabilis
1493 2369 1691 2398 sermone
1723 2355 1956 2398 narrabilis

1105 2422 1204 2465 Diei
1237 2428 1438 2468 senectus
1471 2442 1700 2483 uesperam
1731 2428 1951 2484 significat

1105 2494 1233 2538 Diem
1266 2497 1419 2540 domus
1451 2514 1529 2554 per
1561 2499 1676 2542 diem
1708 2500 1821 2543 dona

1104 2566 1234 2611 Diem
1263 2573 1399 2625 ponet
1431 2571 1545 2614 diem
1580 2572 1679 2614 finit
1987 2588 2022 2613 45

204 2635 645 2678 Desiderantissimus
680 2637 755 2692 qui
793 2638 1065 2681 desideratur
1103 2639 1207 2683 Dies
1247 2656 1345 2684 cum
1390 2643 1530 2685 multa
1572 2644 1791 2700 significet
1835 2645 1966 2701 signi-

324 2791 356 2823 2.
390 2789 677 2834 superstitiones
702 2802 747 2826 ex
774 2791 1061 2837 suprestitiones
1088 2806 1179 2831 corr.
1218 2796 1231 2840 ΙΙ
1268 2799 1299 2830 5.
1332 2795 1422 2830 feris
1449 2808 1494 2832 ex
1525 2796 1624 2833 feras
1651 2809 1742 2834 corr.
1779 2801 1783 2842 Ι
1819 2799 1921 2845 apud
1957 2801 1961 2848 Ι

203 2858 374 2892 paganus
398 2855 402 2891 1
426 2850 535 2884 erunt
557 2853 562 2894 1
590 2851 629 2884 et
654 2861 699 2885 ea
721 2852 726 2895 1
755 2851 868 2887 eferie
893 2856 905 2899 u
932 2857 962 2889 7.
989 2854 1108 2890 lacior
1126 2857 1138 2901 ss
1165 2858 1218 2889 17.
1246 2866 1314 2890 nec
1337 2855 1342 2902 1
1366 2855 1615 2901 depraecatur
1633 2859 1646 2904 fl
1672 2862 1726 2893 19.
1754 2858 1929 2906 Deriguit
1952 2862 1964 2907 1}

204 2911 260 2943 20.
293 2907 551 2953 Descriptibus
585 2909 826 2955 descriptioni
857 2913 862 2956 Ι
897 2912 1141 2949 discribtiuus
1179 2916 1191 2959 ΙΙ
1228 2918 1284 2950 22.
1319 2915 1410 2950 sude
1443 2916 1614 2952 detrudit
1650 2919 1662 2963 Η
1699 2921 1756 2953 23.
1790 2919 1976 2963 proeobit·

203 2978 248 3003 m.
265 2971 297 3012 1,
323 2967 500 3012 prouehit
522 2979 550 3004 s.
576 2980 643 3004 scr.
670 2973 783 3015 m.411
809 2974 865 3007 24.
892 2972 1134 3008 Deuerticula
1161 2976 1249 3008 sunt
1273 2986 1318 3010 ex
1342 2975 1604 3011 Deuerticulos
1630 2988 1721 3013 corr.
1748 2980 1760 3024 ΙΙ
1786 2982 1841 3015 28.
1868 2980 1962 3015 fidu-

205 3025 302 3060 ciam
325 3027 468 3071 1.testes
506 3029 517 3073 ΙΙ
555 3032 611 3064 29.
639 3029 833 3065 Dibulatio
855 3033 861 3077 1
884 3032 1097 3078 designatio
1126 3035 1138 3079 ΙΙ
1170 3038 1225 3069 30.
1254 3034 1411 3070 deuouit
1440 3038 1452 3080 fl
1491 3040 1545 3073 32.
1574 3036 1794 3083 diapassiuo
1817 3041 1822 3085 Ι
1843 3040 1961 3086 parti-

205 3085 344 3131 cipiam
380 3088 392 3132 ΙΙ
429 3090 484 3122 33.
512 3087 721 3133 potioribus
744 3092 748 3134 Ι
771 3090 952 3136 obsequio
976 3093 980 3140 Ι
1004 3093 1122 3128 dicari
1145 3093 1150 3141 Ι
1174 3093 1284 3129 diunt
1315 3096 1327 3142 ΙΙ
1358 3099 1415 3132 37.
1442 3095 1567 3132 Dicati
1599 3100 1611 3143 ΙΙ
1642 3102 1698 3134 40.
1725 3099 1820 3145 uirg.
1846 3102 1923 3136 cod.
1951 3144 1953 3146 ¹

205 3148 260 3181 46.
287 3146 429 3181 multus
458 3148 470 3194 ΙΙ
