2221 3490
676 134 935 171 EXCERPTA
960 134 1026 170 EX
1053 133 1226 170 CODICE
1252 133 1502 171 VATICANO
1531 137 1623 170 1468

1935 135 2021 178 519

324 262 471 289 muros
514 248 768 302 expugnant
810 244 885 300 qui
927 247 970 287 et
1014 245 1121 287 satis
1161 243 1407 287 Vmbilicus
1440 245 1709 288 uentriculus

323 318 446 361 bibet
479 321 522 360 et
556 317 731 360 difficile
763 317 1038 360 inebriantur

263 389 479 433 Vinnolus
512 390 658 432 mollis
691 389 877 431 blandus

1161 315 1306 358 Vmbo
1347 317 1489 359 media
1528 332 1630 373 pars
1667 317 1758 360 cuti
1795 317 1865 360 uel
1897 317 2019 359 locus

1220 387 1334 429 altus

260 462 510 505 Violacium
548 477 764 505 uenenum
806 462 875 504 uel
913 462 1121 504 benetum
1159 459 1356 501 Vnorum
1378 461 1614 515 pelitorum
1629 462 1869 504 multorum
1891 459 2018 518 (mul-
2038 472 2071 499 35

319 532 492 592 (uenen.
514 559 568 563 —
590 535 687 576 ben.
720 548 774 576 m.
789 531 837 589 2)

257 605 507 661 *Viptatim
541 620 698 661 magne
731 605 910 646 uirtutis

257 677 427 733 *Vipex
459 677 550 719 uim
582 677 788 732 patiendo
821 677 891 718 uel
925 676 1016 718 uim
1046 691 1114 731 pa-

317 750 430 791 tiens

218 830 235 857 5
255 820 452 863 *Viritas
486 819 689 862 mulieres
723 819 861 862 fortes
889 821 1003 862 sicut
1031 821 1115 862 uiri

313 892 383 934 uel
416 891 630 948 uiraginis

253 964 434 1007 Viriclis
467 964 655 1006 uinculis

255 1036 560 1079 Viridantibus
593 1035 741 1078 herbis
774 1036 1000 1078 uiriditate

252 1108 397 1151 Viridi
430 1107 600 1150 iuuenti
630 1108 805 1150 nouella
838 1111 932 1163 etas

252 1179 402 1223 Virosi
434 1178 603 1221 uiribus
638 1180 813 1222 subnixi
847 1180 1011 1222 austeri

198 1263 232 1287 10
252 1252 445 1294 Virissat
477 1250 655 1294 fortiter
686 1252 756 1293 uel
783 1252 972 1294 uiriliter
999 1253 1114 1308 sapit

257 1324 436 1366 Virosus
447 1323 660 1365 nerbosus
673 1326 871 1366 austerus
881 1323 994 1381 (aad.
1003 1339 1054 1366 m.
1064 1322 1112 1381 2)

1218 533 1365 572 torum
1397 530 1514 587 1112)

1158 601 1413 644 Vnitionem
1447 604 1634 645 mediam
1667 607 1837 659 partem

1157 673 1358 716 Vnicuba
1390 675 1518 718 unius
1550 676 1619 718 uir
1649 691 1759 718 uxor

1157 745 1347 802 Vnigine
1381 748 1552 804 gemine

1154 817 1386 861 Vocissare
1420 819 1661 862 uociferare

1153 889 1266 933 Vola
1299 891 1467 934 cauitas
1495 906 1576 947 que
1609 892 1654 934 in
1684 891 1827 934 medio
1860 907 2013 935 manus
2036 904 2072 929 40

1213 965 1280 1004 est
1312 962 1410 1005 inde
1443 966 1487 1006 et
1519 964 1667 1006 uolare

1153 1033 1374 1077 Voluuilis
1426 1051 1494 1078 res
1546 1036 1658 1079 scita
1703 1051 1780 1079 seu
1829 1037 2015 1079 recitata

1215 1106 1354 1161 (recit.
1387 1121 1439 1149 m.
1460 1108 1508 1162 2)

1152 1177 1445 1221 Voluentibus
1480 1179 1572 1234 euis
1613 1180 2014 1222 transcurrentibus

1213 1251 1336 1292 annis

1152 1322 1298 1378 Volup
1332 1326 1398 1365 est
1430 1322 1720 1379 uoluptuosus
1755 1326 1822 1367 est

250 1395 331 1438 Vir
373 1411 398 1437 a
438 1395 603 1437 uirtute
648 1410 807 1437 nomen
853 1396 1019 1451 accepit
1063 1399 1113 1438 ut
1153 1394 1307 1437 Vomis
1340 1410 1491 1438 uomer
1523 1394 1660 1438 aratri

309 1468 439 1509 barro
473 1467 600 1509 docet
633 1466 747 1509 sicut
780 1470 823 1509 et
856 1467 1013 1510 mulier

249 1539 432 1582 Viriscit
464 1538 680 1581 maiorum
712 1539 857 1581 uirum
890 1540 940 1581 fit

247 1612 482 1655 Vissentur
515 1611 719 1653 uidentur

195 1694 227 1720 15
248 1684 431 1726 Visendi
465 1683 608 1725 studio
642 1683 817 1725 uidendi
851 1684 1090 1740 cupiditate

247 1754 406 1798 Viscus
440 1769 539 1798 caro
574 1755 666 1797 sine
699 1755 861 1811 pingue

246 1827 434 1883 Vitiligo
451 1827 570 1869 tinea
583 1827 628 1869 in
644 1828 786 1883 capite
800 1828 935 1871 caries
951 1826 1107 1886 (caries

305 1900 397 1941 add.
430 1913 482 1940 φη.
504 1897 561 1956 2)

246 1971 353 2014 Vita
384 1971 620 2027 producere
654 1970 765 2014 uelle
798 1971 946 2015 uiuere

247 2043 452 2086 Vitulans
485 2043 676 2085 lasciuus
710 2044 780 2085 uel
814 2046 1006 2101 gaudens

191 2128 225 2153 20
246 2115 435 2159 Viuatus
468 2118 651 2171 uegetus
685 2115 812 2158 fortis

248 2187 282 2229 V
286 2187 403 2230 iuida
435 2187 623 2243 urguida
654 2187 802 2230 ualida

244 2259 454 2302 Viuifices
486 2259 717 2316 plagarum
750 2260 932 2302 uulnera

243 2331 453 2374 Viuentia
483 2331 636 2374 uidens
669 2332 866 2375 uiuifices

244 2403 328 2446 Vla
359 2404 493 2445 litora

188 2487 222 2513 25
243 2476 534 2533 Vligenosum
566 2475 728 2532 pingue

241 2548 348 2591 Vlto
381 2548 443 2590 ire
477 2547 698 2590 uindicare
734 2548 887 2591 ulcisci

241 2621 370 2663 Vltra
402 2619 587 2676 amplius
615 2620 683 2661 1161
713 2623 867 2676 sponte
895 2621 1102 2664 sebexera

243 2693 434 2736 Vltrices
467 2691 691 2748 derefugia
723 2692 1016 2735 uindicatores

242 2765 371 2808 Vltro
405 2765 516 2808 citro
545 2764 664 2806 intus
691 2767 735 2806 et
767 2764 874 2806 foris
900 2765 1031 2822 longe
1058 2768 1101 2807 et

301 2851 435 2892 prope

187 2920 222 2946 30
241 2908 371 2952 Vltro
406 2909 556 2951 anauis
590 2909 644 2951 ad
677 2908 808 2951 aliam
839 2911 1011 2964 partem

240 2979 448 3023 *Vltatus
481 2981 712 3023 damnatus

241 3052 451 3096 Vmetum
482 3054 600 3095 ultra
631 3053 818 3108 amplius

1150 1465 1395 1522 ssVopiscus
1424 1467 1498 1523 qui
1523 1482 1574 1510 ex
1601 1467 1787 1524 geminis
1814 1469 1860 1510 in
1885 1472 2010 1512 utero
2031 1479 2066 1505 45

1211 1542 1407 1582 remanet
1439 1540 1577 1582 altero
1612 1541 1771 1583 aborso

1150 1610 1348 1654 *Vruum
1394 1612 1519 1668 quasi
1571 1613 1845 1668 quartarium
1896 1614 2012 1669 quod

1208 1684 1422 1727 bubulcus
1455 1687 1576 1728 tenet
1607 1685 1654 1727 in
1688 1688 1835 1728 aratro

1148 1755 1320 1799 Vssitat
1353 1757 1573 1799 comburit

1147 1828 1330 1871 Vstrina
1361 1844 1513 1871 arsura
1539 1829 1609 1872 uel
1639 1829 1715 1871 ubi
1741 1829 1864 1885 porci
1889 1832 2010 1872 ustu-

1204 1901 1353 1943 lantur
1377 1901 1447 1944 1161
1482 1916 1665 1958 corpora
1692 1902 2009 1945 comburuntur

1206 1971 1295 2031 (uel
1321 1999 1370 2003 —
1394 1974 1533 2016 comb.
1566 1988 1618 2016 m.
1640 1971 1688 2030 2)

1145 2035 1353 2087 Vterinus
1387 2059 1439 2087 ex
1472 2061 1558 2088 uno
1592 2049 1716 2088 utero
1749 2047 1842 2088 nati

1148 2116 1394 2172 Vtrubique
1416 2118 1460 2161 in
1481 2119 1609 2160 amba
1628 2119 1726 2161 loca
1751 2119 1833 2161 tibi
1856 2121 1899 2161 et
1925 2119 2007 2161 tibi
2028 2129 2063 2153 50

1146 2187 1305 2230 Vtrum
1337 2189 1451 2232 uolis
1486 2191 1600 2246 quod
1632 2191 1700 2233 uis

1149 2259 1326 2301 Vuiduli
1360 2256 1494 2304 umidi
1530 2263 1604 2305 udi
1635 2263 1757 2305 uuidi

1144 2331 1411 2375 Vultuosum
1443 2334 1618 2376 tristem

1144 2404 1263 2447 Vuer
1296 2405 1424 2461 gleba
1457 2407 1599 2449 solum
1632 2406 1823 2450 fertilem

1143 2476 1313 2520 Vulbos
1348 2477 1594 2534 lapationes
2026 2489 2060 2515 55

1141 2619 1340 2663 onibus
1373 2623 1646 2665 mendacium

1141 2765 1339 2808 zaberna
1369 2767 1446 2808 ubi
1487 2769 1634 2809 uestes
1667 2770 1900 2822 portantur
1931 2767 2001 2810 uel

1200 2838 1302 2893 quid
1335 2838 1444 2880 libet
1475 2838 1594 2880 aliud

1141 2910 1257 2952 Zaba
1288 2909 1532 2953 indumenti
1565 2925 1701 2967 genus

1139 2981 1334 3024 Zetarius
1368 2985 1516 3025 custos
1548 2983 1702 3038 palatii

1138 3052 1339 3096 Zotarius
1373 3054 1691 3097 mansionarius
2018 3068 2052 3092 60
