2216 3402
712 113 947 149 PLACIDVS
974 114 1103 149 LIBRI
1130 113 1419 150 GLOSSARVM

187 223 455 265 Habitudine
487 223 642 266 habitu
675 221 743 280 (de
769 221 844 280 ql.)

185 295 346 337 Haiote
403 295 651 337 exortatiua
705 310 792 337 uox
842 295 908 337 eia
962 294 1045 337 hoc

246 369 313 409 est
346 380 424 422 age

186 437 300 479 Hala
331 453 509 481 areosus
543 439 663 480 olens
696 436 762 493 (de
789 436 863 494 91.)

186 509 310 551 Halit
342 510 453 552 clam
485 509 570 551 fuit
594 524 683 551 non
708 509 839 551 latuit
870 524 958 550 non
984 523 1045 550 re-

245 581 414 636 belliffl)

153 664 169 690 5
187 653 406 695 Hareolus
439 652 651 694 iucundus
679 649 745 708 (de
772 650 847 708 ql.)

187 725 442 766 Hariolatus
458 727 524 766 est
543 723 760 765 diuinauit
781 724 1045 766 coniectauit

185 796 444 838 Hariolatur
476 796 644 838 diuinat
677 794 743 852 (de
769 794 844 852 ql.)

184 866 359 909 Harioli
397 867 534 909 diuini
573 867 647 922 qui
689 871 898 923 concepto
945 872 1045 910 ante

246 954 367 981 aram
411 939 571 995 spiritu
620 939 768 981 futura
817 940 1046 995 predicunt

247 1010 313 1066 (de
337 1009 412 1068 ql.)

186 1081 357 1124 Harioli
384 1083 588 1125 dicuntur
616 1082 757 1125 insani
786 1083 859 1138 qui
887 1084 1045 1139 spiritu

244 1154 390 1197 neseio
425 1156 540 1209 quod
579 1154 721 1196 infiati
753 1156 1044 1198 uaticinantes

246 1226 360 1269 circa
392 1242 488 1269 aras
522 1230 566 1269 et
597 1227 763 1282 templa
795 1227 1045 1269 discurrunt

245 1298 383 1353 adque
416 1299 624 1341 baeoatur
658 1298 724 1354 (de
745 1296 821 1355 ql.)

134 1370 406 1412 10Hasenam
445 1370 655 1412 harenam
694 1373 770 1412 aut
808 1385 904 1412 asas
939 1387 1044 1427 quas

244 1457 324 1484 nos
353 1457 448 1484 aras
477 1445 520 1484 et
550 1443 662 1484 lases
690 1457 799 1498 quos
825 1456 905 1484 nos
932 1443 1045 1484 lares

245 1514 429 1556 dicimus
463 1512 530 1571 (de
556 1513 629 1568 ql.)

184 1586 419 1628 Hastinate
453 1588 686 1628 cauastuoa
720 1585 880 1643 (Viry.)

187 1658 308 1700 Haut
340 1658 453 1699 clam
479 1657 564 1699 fuit
589 1673 677 1700 non
708 1658 839 1700 latuit
869 1673 958 1700 non
984 1674 1044 1700 re-

244 1729 372 1772 bellit
404 1727 547 1786 (Ista.)

186 1802 362 1844 Hautne
393 1815 536 1843 nonne

185 1874 280 1928 Hes:
313 1873 474 1915 securis
503 1872 686 1916 dicimus
720 1873 849 1916 huius
883 1874 1045 1916 securis

245 1945 346 1987 huic
386 1945 526 1987 securi
564 1960 643 1988 ane
682 1961 878 1988 securem
918 1961 942 1988 0
986 1961 1046 1988 se-

247 2017 361 2060 curis
394 2018 447 2058 ab
482 2032 531 2059 ao
564 2017 705 2059 securi
737 2021 781 2060 et
815 2017 1046 2072 pluraliter

247 2104 418 2132 secures
447 2104 470 2130 o
504 2103 675 2131 secures
704 2090 756 2131 ab
785 2089 852 2131 his
886 2090 1045 2132 securi-

245 2161 327 2202 bus
361 2175 567 2202 seeurnus
601 2175 732 2216 quam
764 2161 952 2218 legimus

134 2242 167 2267 15
187 2231 345 2274 Heiote
398 2234 644 2275 exortatiua
691 2248 776 2275 uox
822 2234 922 2275 heia
964 2234 1047 2276 hoc

247 2306 314 2346 est
346 2318 426 2359 age

186 2375 347 2417 Heiula
378 2376 504 2430 plora
535 2377 694 2433 plange
728 2376 795 2434 (de
822 2377 896 2433 91.)

188 2447 369 2489 Heliton
394 2448 523 2490 heros
550 2452 686 2504 auput
712 2449 874 2491 latinos
899 2449 1046 2491 nullus

248 2522 314 2561 est
334 2520 599 2574 querendum
624 2535 704 2563 neo
730 2521 776 2562 in
801 2521 944 2577 grecis
972 2523 1048 2563 aut

247 2591 292 2632 in
322 2592 461 2647 persis
495 2591 562 2649 (de
588 2590 664 2650 ql.)

1883 113 1986 160 73.

1047 203 1058 216 ,
1084 223 1231 266 Hellui
1263 224 1449 280 grapula
1480 225 1629 265 uetera
1663 224 1775 265 unde
1809 223 1938 265 elluo-

1141 310 1218 337 nes
1251 296 1453 338 dicuntur

1082 366 1279 408 Hendem
1312 381 1418 422 eque
1452 365 1655 408 similiter

1083 437 1277 480 Herbam
1322 438 1438 480 dedit
1481 439 1564 480 hoc
1610 439 1724 480 enim
1767 442 1975 481 conten-2

1143 510 1346 551 dentibus
1368 513 1460 552 erat
1486 511 1659 552 uulsam
1680 511 1828 552 erbam
1850 511 1941 551 uin-

1144 584 1313 623 ceretur
1344 582 1595 637 porrigendi
1628 585 1705 624 aut
1736 597 1850 624 nunc
1882 581 1941 623 di-

1144 652 1256 694 citur

1084 725 1301 766 Herbidus
1329 724 1429 766 erbe
1451 725 1596 767 colore
1617 725 1659 766 id
1681 729 1747 767 est
1773 725 1940 768 luridus

1083 796 1365 838 Herediolum
1380 796 1799 852 pessessiunculam(
1812 796 1940 852 Viry.)

1083 867 1244 910 Herme
1300 868 1533 909 simulacra
1584 870 1685 909 sunt
1742 868 1942 910 mercurii

1143 941 1315 981 tantum
1349 942 1479 994 caput
1513 942 1555 981 et
1595 939 1723 994 pedes
1767 940 1942 982 abentia

1145 1026 1300 1066 corpus
1330 1014 1581 1073 truncatum
1602 1015 1669 1053 est
1690 1011 1815 1066 quasi
1842 1026 1943 1067 qua-

1143 1083 1317 1124 dratum
1347 1087 1491 1125 totum
1518 1086 1584 1125 est
1611 1086 1758 1125 autem
1784 1098 1943 1125 nomen

1144 1169 1321 1211 grecum
1347 1155 1518 1197 hermes
1546 1155 1589 1196 id
1611 1158 1676 1197 est
1703 1156 1942 1198 mercurius

1085 1226 1251 1269 Heroes
1286 1227 1488 1268 dicuntur
1514 1227 1598 1268 uiri
1632 1227 1720 1269 aeri
1754 1228 1823 1269 uel
1851 1228 1942 1269 celo

1144 1299 1265 1354 digni
1303 1299 1346 1340 id
1386 1302 1453 1340 est
1492 1299 1561 1340 uel
1603 1299 1738 1341 fortes
1771 1299 1841 1341 uel
1881 1315 1943 1341 sa-

1144 1371 1311 1425 pientes
1351 1371 1545 1412 habhera
1586 1371 1628 1411 id
1673 1374 1740 1412 est
1784 1371 1942 1413 iunone

1144 1457 1277 1498 quam
1315 1442 1522 1484 haberem
1555 1442 1704 1484 dieunt
1737 1458 1830 1485 esse
1867 1443 1943 1484 ubi

1145 1528 1327 1570 regnum
1361 1518 1405 1556 et
1438 1514 1560 1556 sedes
1601 1515 1844 1556 animarum
1877 1518 1944 1556 est

1144 1586 1224 1628 hut
1257 1586 1369 1628 aeris
1402 1585 1447 1627 in
1481 1586 1646 1641 campis
1679 1586 1781 1628 latis
1813 1589 1856 1628 et
1890 1587 1943 1628 ci-

1144 1673 1241 1701 cero
1286 1659 1332 1699 in
1371 1659 1540 1700 somnio
1587 1657 1794 1713 scipionis
1840 1672 1942 1714 ergo

1143 1745 1239 1772 eros
1266 1731 1396 1772 huius
1418 1731 1532 1772 eruis
1554 1730 1654 1772 huie
1675 1730 1802 1772 heros
1829 1730 1944 1772 hune

1143 1802 1318 1844 heroem
1369 1802 1422 1843 ab
1474 1802 1556 1844 hoo
1605 1802 1737 1844 heroe
1789 1802 1973 1844 mulier'

1145 1888 1248 1915 uero
1295 1873 1474 1914 heroine
1514 1873 1583 1915 uel
1622 1873 1828 1916 heroadas
1869 1877 1944 1916 aut

1145 1943 1314 2000 eroas2f)
1348 1948 1424 1986 aut
1456 1946 1597 1987 lentas

1083 2016 1302 2059 Heroibus
1330 2017 1436 2059 uiris
1462 2017 1645 2072 recipiat
1671 2016 1867 2058 latinitas
1895 2020 1944 2059 ut
1964 2031 1998 2055 ·5

1145 2089 1337 2131 dicamus
1406 2088 1613 2131 heroibus
1682 2103 1944 2144 quamquam

1145 2160 1275 2202 multi
1318 2161 1474 2203 heroas
1512 2175 1599 2202 non
1639 2160 1780 2202 solum
1825 2161 1943 2202 uiros

1146 2233 1220 2275 sed
1259 2233 1392 2275 etiam
1430 2231 1593 2277 uirosff)
1639 2233 1774 2274 fortes
1819 2247 1944 2287 posu-

1146 2307 1274 2346 erunt
1295 2304 1370 2346 alii
1389 2319 1478 2346 non
1503 2304 1644 2346 solum
1665 2304 1800 2346 fortes
1826 2303 1943 2346 uiros

1146 2377 1221 2418 sed
1241 2376 1413 2418 diuinos
1442 2376 1533 2417 siue
1555 2376 1702 2418 diuino
1732 2377 1941 2432 sanguine

1144 2451 1272 2490 natos
1331 2448 1422 2489 siue
1478 2447 1690 2490 semideos
1748 2448 1944 2503 intellegi

1144 2521 1380 2563 uoluerunt
1412 2523 1455 2562 et
1486 2520 1569 2562 hoo
1611 2520 1709 2562 inde
1743 2519 1944 2561 dixerunt

1145 2595 1221 2634 aut
1252 2595 1432 2647 propter
1463 2591 1741 2634 nobilitatem
1773 2591 1943 2647 generis

286 2770 321 2813 l)
352 2769 378 2803 b
404 2781 448 2805 ea:
474 2769 493 2804 f
513 2775 598 2806 m.2
630 2772 643 2816 ΙΙ
675 2772 712 2815 2)
737 2772 902 2816 δεραίων
928 2772 1063 2806 lacuna
1089 2773 1183 2805 4-5
1211 2771 1278 2805 litt.
1311 2770 1322 2814 11
1355 2770 1390 2815 3)
1418 2781 1434 2803 s
1460 2781 1487 2805 s.
1514 2780 1580 2805 scr.
1608 2771 1692 2804 m.2
1722 2771 1734 2812 ΙΙ

285 2927 318 2959 4.
344 2923 494 2959 febelh’t
531 2925 542 2970 ΙΙ
580 2928 612 2960 5.
637 2925 811 2961 Hareolis
842 2927 854 2971 u
893 2929 946 2961 10.
975 2937 1048 2971 quo

1052 2926 1084 2972 s]
1111 2924 1212 2969 quod
1243 2925 1254 2968 ΙΙ
1294 2927 1349 2959 11.
1377 2923 1583 2958 cadastuca
1614 2924 1625 2967 ΙΙ
1664 2926 1718 2958 12.
1746 2923 1792 2957 de
1819 2923 1942 2958 ortho-

189 2983 308 3029 grafia
333 2985 409 3019 cod.
442 2985 453 3028 ΙΙ
486 2987 540 3020 15.
568 2986 626 3020 est
652 2985 710 3021 aie
742 2987 754 3031 11
787 2989 841 3021 17.
869 2997 951 3021 eros
975 2991 978 3027 1
1009 2985 1109 3030 apud
1133 2988 1136 3025 Ι
1167 2984 1232 3019 aut
1257 2983 1377 3029 persis
1406 2986 1417 3027 n
1451 2987 1505 3018 18.
1533 2982 1689 3027 crapula
1711 2984 1715 3026 1
1738 2984 1907 3017 ueteram
1936 2983 1939 3029 Ι

191 3047 246 3078 23.
274 3043 457 3078 habentia
476 3047 486 3088 u
514 3047 569 3079 24.
596 3045 645 3079 ab
671 3045 763 3080 hera
784 3046 789 3090 Ι
811 3046 855 3080 1113
876 3047 881 3091 Ι
903 3046 1019 3091 hergo
1043 3051 1046 3087 ς

193 3103 261 3138 das
293 3098 304 3148 ss
334 3107 389 3138 25.
418 3103 586 3138 dicamus
613 3104 762 3140 eroibus
785 3111 789 3150 Ι
813 3106 871 3140 set
892 3108 897 3149 1
920 3104 1041 3140 solum

1075 3043 1163 3079 huic
1189 3054 1270 3079 eros
1293 3045 1298 3087 Ι
1327 3054 1450 3078 eroem
1479 3042 1483 3088 Ι
1513 3053 1596 3077 eroe
1619 3044 1624 3084 Ι
1654 3042 1777 3078 eroine
1807 3045 1811 3087 Ι
1841 3053 1943 3078 eroa-

1068 3103 1168 3139 uiros
1194 3103 1309 3138 fortes
1335 3105 1346 3148 ΙΙ
