2216 3402
890 125 1164 160 PRAEFATIO
1765 152 1774 165 .
1808 127 1909 161 XVII

166 232 260 274 bene
290 235 328 274 et
357 233 559 275 industrie
589 236 627 274 et
655 235 770 274 caute
799 235 920 285 atque
949 235 1125 275 studiose
1149 237 1196 274 ut
1218 234 1343 275 nauis
1367 234 1423 275 sit
1446 234 1511 274 uel
1532 234 1779 287 qitberoiator
1805 238 1908 276 trac-

166 307 254 346 tum
284 305 418 346 anani
457 305 562 346 unde
596 304 728 358 qnaui
764 303 957 345 dicuntur
994 304 1089 345 boni
1125 305 1229 346 docti
1266 305 1411 358 iqnaui
1441 305 1567 346 stulti.
1603 329 1653 334 —-
1689 305 1757 346 31.
1792 304 1908 346 Oeco—

165 376 308 417 nomia
347 379 404 417 est
431 376 524 428 ipsa
555 375 764 428 dispositio
794 375 856 416 rei
891 374 1069 416 alicuius
1100 389 1175 427 que
1204 376 1328 428 prius
1358 376 1576 417 ordinatur
1608 379 1645 417 et
1673 377 1731 417 sic
1767 377 1908 417 discri-

166 447 277 488 bitur
307 450 354 488 ut
375 449 485 501 puta
515 460 566 487 ne
597 447 741 496 lederet
763 447 863 488 iuno
887 460 964 499 per
989 447 1177 488 didonem
1204 447 1460 488 troianorum
1485 460 1616 501 reqem
1642 461 1770 488 uenus
1794 451 1912 501 roqat

102 526 112 537 ⁶
165 518 398 571 cupidinem
430 520 476 558 ut
505 518 694 558 didonem
722 517 856 569 faciat
885 531 1027 558 amare
1056 516 1125 566 hec
1144 517 1366 570 >dispositio
1397 519 1628 559 oeconomia
1659 519 1820 560 dicitur.
1858 542 1906 547 —

166 589 235 630 32.
273 588 490 630 Obstudere
508 591 566 629 est
583 588 744 641 aliquid
766 588 811 629 in
837 589 1052 642 anqustias
1081 588 1287 629 includere
1312 589 1377 629 uel
1402 589 1614 642 impellere.
1643 614 1695 618 —
1724 590 1792 631 33.
1815 588 1909 642 Opi—

159 673 266 713 pare
297 659 481 712 opulente
511 659 673 700 diuitiis
703 660 807 700 idest
835 659 978 712 opibus
1003 659 1242 700 conuiuium
1266 662 1479 700 constuere.
1514 684 1568 689 —
1602 661 1670 702 34.
1705 659 1806 701 Osor
1831 661 1910 701 ini-

163 731 294 772 micus
324 731 374 772 ab
406 730 496 771 odio
528 731 658 772 dictus
688 730 795 772 sicut
823 733 986 772 amator
1016 730 1066 771 ab
1098 744 1237 771 amore
1261 733 1297 771 et
1323 733 1381 772 est
1406 732 1567 783 qeneris
1593 732 1821 772 communis
1845 730 1911 772 liic

134 852 138 855 ῃ
163 805 200 843 ct
227 801 324 843 liaeo
350 797 441 843 osor
466 803 581 844 osrioc
606 803 715 843 enim
740 802 822 843 dici
852 815 935 843 non
957 804 1086 854 potest
1115 802 1199 843 nisi
1230 815 1257 843 a
1287 801 1425 843 stultis
1456 801 1744 856 (adscriptum
1771 804 1838 843 est
1864 801 1908 843 in

165 873 486 929 marginesup.
557 873 660 915 Osor
695 873 768 926 qui
798 873 931 914 alium
962 874 1052 915 odio
1090 872 1237 927 liabet).
1279 896 1330 902 —
1372 872 1440 915 35.
1476 872 1748 926 Ortiqometra
1781 887 1909 926 qenus

164 946 309 986 auium
340 948 398 987 est
427 946 474 987 id
502 948 560 986 est
590 945 821 987 coturnices.
859 969 908 973 ——
951 945 1019 987 36.
1055 943 1278 986 Graculum
1309 947 1366 985 est
1394 945 1501 986 uude
1531 957 1727 997 responsa
1757 945 1912 985 dantur

162 1015 228 1058 uel
252 1017 552 1070 praedicuntur
582 1030 689 1058 nam·
714 1020 751 1058 et
780 1017 872 1070 ipsa
902 1029 966 1058 res
997 1017 1099 1057 idest
1134 1029 1375 1068 responsum
1405 1016 1515 1069 quod
1543 1017 1669 1057 datur
1700 1004 1911 1058 oraculum

162 1087 322 1129 dicitur.
357 1112 410 1116 ——
446 1088 513 1129 37.
549 1086 790 1129 Oeconomia
814 1088 1026 1141 dispositio
1051 1088 1116 1129 uel
1141 1088 1466 1141 praemeditatio.
1501 1111 1559 1131 -,
1587 1087 1655 1130 38.
1691 1086 1911 1142 Opificium

163 1162 222 1201 est
250 1172 314 1201 res
351 1159 495 1212 aliqua
533 1173 612 1215 que
648 1160 695 1201 in
732 1173 846 1214 opere
884 1163 942 1201 est
975 1159 1041 1201 uel
1071 1159 1141 1200 ubi
1179 1172 1302 1212 opera
1331 1159 1449 1212 fiunt.
1485 1183 1537 1187 —
1571 1159 1638 1200 39.
1675 1157 1912 1201 Obstinatus

162 1234 221 1272 est
256 1231 328 1284 qui
364 1231 526 1284 aliquid
558 1231 885 1284 praecipitanter
921 1234 960 1272 et
993 1231 1082 1272 sine
1112 1231 1271 1272 ratione
1315 1228 1471 1286 (albero
1503 1230 1599 1272 loco
1634 1227 1909 1286 reuocatione)

159 1302 294 1354 facere
321 1303 503 1354 festinat.
535 1327 591 1331 —
624 1302 693 1344 40.
726 1302 925 1344 Pronuba
956 1306 1015 1344 est
1044 1316 1119 1356 que
1156 1302 1297 1355 nuptis
1321 1304 1486 1354 praeest
1514 1315 1669 1354 queque
1698 1302 1912 1343 nubentem

162 1374 382 1427 coniunqit.
425 1398 474 1402 —
516 1374 584 1415 41.
618 1373 753 1415 Pubes
790 1374 907 1415 modo
943 1374 1153 1428 siqnificat
1189 1374 1440 1414 iuuentutem
1477 1373 1594 1413 modo
1623 1376 1790 1425 partem
1827 1387 1910 1414 cor·

157 1445 274 1497 poris
298 1445 521 1486 uerendum
546 1445 612 1486 uel
636 1446 777 1499 potius
802 1436 1034 1486 orrendam.
1066 1469 1122 1474 —
1154 1445 1224 1486 42.
1257 1444 1571 1497 Promulqatum
1597 1447 1656 1486 cst
1676 1445 1794 1496 foras
1813 1458 1912 1498 pro—

163 1515 293 1557 latum
325 1518 384 1557 est
412 1516 478 1557 uel
508 1517 772 1573 constitutum
803 1520 851 1558 ut
882 1517 945 1558 lex
976 1517 1126 1558 dicitur
1150 1516 1429 1570 promulqata.

281 1585 409 1629 Nunc
451 1602 553 1629 vero
599 1588 891 1642 quaerendum
937 1591 1020 1643 est,
1066 1603 1174 1643 quae
1213 1587 1327 1629 ratio
1366 1587 1607 1628 intercedas
1645 1586 1759 1629 inber
1796 1587 1937 1629 hunc<

160 1657 322 1700 librum
366 1656 446 1715 (A)
491 1661 535 1701 eb
578 1657 612 1700 P
659 1657 719 1716 (h.
748 1675 781 1701 e.
826 1658 1093 1701 Placidum
1137 1659 1351 1700 librorum
1392 1657 1763 1714 Romanorum)
1797 1662 1840 1700 eb
1873 1657 1911 1699 G

163 1726 222 1785 (h.
257 1744 291 1771 e.
329 1729 597 1771 Placidum
636 1729 784 1772 Libri
823 1728 1160 1786 Glossarum).
1223 1729 1454 1772 Consenbit
1495 1732 1641 1770 autem
1672 1729 1713 1770 A
1746 1744 1843 1771 cum
1875 1729 1909 1770 P

162 1802 314 1842 contra
335 1799 372 1841 Gr
391 1800 460 1842 his
480 1801 607 1843 locis:
641 1802 678 1842 1.
704 1803 776 1854 qui
796 1800 911 1858 (quo)
922 1816 936 1852 ,·
969 1804 1008 1844 2.
1021 1802 1270 1856 promissiui
1290 1801 1508 1856 (promissi
1526 1798 1689 1857 liuius):
1721 1802 1761 1842 4.
1787 1802 1910 1842 utris-

160 1885 236 1925 que
268 1869 539 1926 (utriusque);
578 1871 616 1914 5.
649 1873 719 1914 sed
753 1876 792 1914 et
827 1871 955 1930 (uel)‚·
996 1873 1062 1915 19.
1094 1887 1114 1914 e
1144 1873 1304 1926 uaqina
1344 1870 1408 1928 (de
1438 1873 1636 1926 uaqina)‚·
1670 1873 1736 1914 34.
1770 1873 1853 1914 nisi
1884 1887 1912 1914 a

160 1942 298 1984 stultis
330 1941 434 1999 (nisi
458 1943 509 1984 ab
529 1941 762 1999 imperitis).
825 1943 961 1985 Porro
994 1943 1212 1986 consentit]
1245 1958 1342 1985 cum
1370 1943 1408 1984 G
1435 1946 1586 1985 contra
1618 1943 1669 1984 P:
1703 1944 1741 1985 2.
1767 1945 1911 1998 prima

160 2014 274 2055 uerbi
316 2011 450 2071 (uerbi
475 2012 636 2070 prima)
647 2028 660 2064 ;
703 2015 771 2056 22.
803 2015 984 2067 desecare
1025 2012 1243 2072 (desecare)
1254 2028 1267 2065 ,·
1310 2015 1377 2056 23.
1411 2015 1635 2068 aliquando
1675 2029 1772 2056 uero
1813 2013 1909 2071 (ali-

161 2083 368 2142 quando);
407 2086 476 2128 24.
495 2084 638 2127 'libera
671 2084 864 2141 (liberata
897 2086 946 2127 G.
981 2087 1168 2129 laborata
1200 2086 1253 2141 P)
1263 2100 1277 2136 ,·
1317 2087 1384 2128 33.
1417 2087 1585 2140 opipare
1617 2084 1802 2141 (opipare
1833 2085 1909 2142 et);

162 2157 230 2198 38.
268 2157 333 2198 uel
369 2157 440 2198 ubi
478 2154 597 2213 (ubi).
659 2156 727 2198 Ex
772 2171 857 2211 qua
900 2172 946 2199 re
991 2160 1189 2213 apparet,
1234 2157 1631 2198 Ambrosianum
1674 2173 1814 2212 neque
1860 2172 1911 2199 ex

158 2225 274 2269 libro
314 2227 561 2283 glossarum
598 2228 784 2282 pendere
822 2242 961 2282 neque
994 2243 1045 2269 ex
1083 2228 1318 2283 exemplari
1351 2229 1477 2283 quale
1509 2228 1594 2270 fuit
1627 2229 1911 2283 archetypum

160 2297 374 2340 librorum
394 2298 702 2353 Romanorum,
735 2298 820 2340 nisi
848 2299 954 2340 vihia
980 2300 1190 2354 quaedam
1221 2302 1376 2354 postea
1409 2300 1581 2341 demum
1613 2300 1784 2341 invecta
1816 2314 1909 2341 esse

160 2369 426 2424 putabimus.
489 2369 627 2418 Quam
654 2373 802 2411 tamen
829 2370 1123 2412 coniecturam
1150 2371 1402 2413 dissuadenl:
1427 2371 1512 2413 loci
1541 2370 1696 2426 quibus
1724 2371 1762 2412 A
1791 2371 1908 2412 solus

161 2440 395 2496 genuinam
425 2441 657 2483 lec’nionem
691 2442 891 2496 servavit,
922 2442 1088 2497 pariter
1121 2445 1267 2484 autem
1300 2446 1551 2497 corruptam
1579 2441 1662 2484 GP
1691 2442 1908 2484 exhibent.

161 2511 295 2554 Velut,
326 2512 371 2553 in
403 2513 551 2568 glossa
578 2513 652 2566 31,
685 2515 734 2554 ub
765 2514 935 2555 minora
964 2514 1150 2569 mittam,
1182 2514 1258 2556 ubi
1285 2513 1367 2556 GP
1399 2513 1504 2556 haec
1536 2513 1716 2555 habent:
1748 2529 1798 2556 ne
1830 2515 1909 2556 lae-

160 2584 268 2625 deret
318 2581 559 2638 (laederetur
600 2583 652 2639 P)
696 2585 796 2626 iuno
837 2599 916 2638 per
956 2587 1145 2627 didonem
1192 2586 1450 2627 troianorum
1493 2599 1640 2640 reyem,
1686 2585 1727 2626 A
1772 2585 1915 2626 addit:

121 2655 124 2657 ’
159 2664 289 2696 uenus
332 2658 449 2708 roqat
502 2655 734 2708 cupidinem
775 2659 823 2697 ut
863 2657 1052 2698 didonem
1092 2656 1226 2709 faciat
1266 2670 1409 2698 amare
1461 2654 1533 2713 (cf.
1573 2656 1703 2711 Verg.
1743 2655 1848 2697 Aen.
1887 2655 1907 2697 I

161 2726 245 2768 657
280 2724 406 2782 sqq).
467 2726 587 2767 Idem
626 2726 676 2768 de
715 2727 862 2782 glossa
897 2728 947 2769 11
993 2728 1242 2784 dicendum,
1282 2728 1357 2770 ubi
1398 2726 1483 2769 GP
1525 2727 1688 2768 habent
1722 2726 1906 2769 Comesa—

160 2797 287 2839 tiones
312 2798 507 2839 conuiuia
531 2801 570 2839 et
592 2789 808 2840 scribimus
832 2813 921 2850 uno·
941 2813 983 2840 m
1008 2802 1046 2840 et
1069 2813 1151 2841 uno
1176 2813 1213 2854 s,
1247 2802 1399 2841 contra
1426 2799 1487 2840 sic
1520 2798 1576 2839 A:
1610 2797 1909 2840 Comesationes

159 2871 258 2910 sunt
286 2869 481 2910 conuiuia
506 2883 609 2921 quae
639 2870 696 2911 ad
717 2873 931 2923 peccatum
960 2874 1193 2924 prouocant
1222 2874 1259 2912 et
1287 2870 1505 2912 scribimus
1527 2883 1606 2923 per
1636 2882 1768 2910 mium
1800 2883 1842 2910 m
1872 2872 1910 2910 et

153 2953 234 2993 per
263 2952 394 2980 unum
424 2953 455 2981 s.
522 2939 619 2982 Hoc
658 2939 1001 2983 additamentum
1041 2941 1344 2984 commendant
1381 2941 1543 2982 multae
1584 2940 1756 2996 glossae
1788 2940 1907 2981 velub

161 3024 213 3051 ex
249 3010 362 3051 libro
402 3010 646 3065 glossarum
683 3015 909 3068 excerptae
948 3013 1046 3054 hae:
1088 3013 1334 3055 Comessatio
1366 3013 1606 3054 conuiuium
1637 3013 1910 3067 meretricum,

162 3080 482 3123 Comessationes
514 3082 727 3125 luxuriosa
752 3085 948 3126 conuiuia
972 3098 1064 3126 cum
1089 3084 1363 3126 meretricibus
1387 3084 1531 3135 mioeta,
1563 3083 1684 3125 aliae.
1734 3082 1906 3138 Duplex

231 3157 319 3189 Gorp.
339 3158 432 3190 gloss.
450 3158 504 3183 lat.
522 3159 594 3184 tom.
614 3158 650 3183 V.
1594 3153 1618 3186 b
