2216 3402
342 175 427 217 164

322 286 602 340 vAenormate
635 284 703 326 001
732 284 831 326 addi
864 283 1055 326 minuiue
1080 284 1192 327 nihil

397 360 545 412 potest

336 428 567 471 Aenormis
600 427 940 483 inattinguibilis

336 501 457 543 Aeoo
491 500 702 543 orientem
735 499 873 541 solem

334 573 455 615 Aeoo
488 570 691 614 orientali
723 573 798 612 aut
830 570 1047 612 matutino

297 657 313 682 5
332 644 475 686 Aeoas
509 643 734 685 orientalis

332 715 477 759 Aecus
511 718 578 757 est
608 715 740 757 homo
773 714 824 755 de
857 713 1024 756 oriente
1057 728 1186 756 aeoos

392 803 547 830 aurora
584 787 654 829 uel
690 785 845 828 lucifer
886 785 1105 827 interdum
1143 788 1187 826 et

389 875 468 915 pro
496 859 586 902 sole
614 858 792 915 ponitur
817 859 867 898 ut
893 846 1006 911 apud
1036 859 1186 911 poetas

330 931 633 987 Aepytaphius
664 930 821 972 titulus
854 930 1128 970 mortuorum

330 1003 475 1058 Aepos
513 1017 664 1044 uersus
702 1001 898 1043 heroicus
932 999 1047 1054 quod
1087 999 1183 1054 ipso

388 1075 590 1117 dicuntur
622 1076 748 1130 gesta
778 1072 960 1114 heroum

329 1145 626 1202 Aepulaticius
642 1144 744 1200 quia
757 1143 895 1199 epulis
917 1143 991 1184 dat
1006 1157 1181 1197 operam

275 1232 308 1257 10
326 1219 475 1274 Aeque
497 1216 698 1259 similiter
718 1216 897 1257 lucanus
918 1214 1179 1256 uenerabilis

384 1304 544 1345 aequae

323 1362 564 1417 Aequidem
598 1374 678 1415 ego
712 1359 886 1414 quidem

323 1433 463 1488 Aequi
495 1433 616 1474 locus
648 1432 765 1473 iusta
795 1431 978 1485 loquens

321 1505 533 1560 Aequitas
576 1517 780 1544 numerus
831 1501 1054 1556 aequitum
1103 1501 1173 1543 uel

379 1576 550 1618 iustitia

320 1648 524 1703 Aequora
554 1661 641 1689 non
672 1648 843 1687 tantum
875 1659 985 1700 aque
1023 1645 1097 1686 sed
1129 1647 1172 1686 et

379 1719 520 1774 campi
551 1720 730 1773 propter
756 1716 1039 1772 equalitatem
1066 1716 1170 1758 dicti

266 1807 298 1832 15
320 1791 522 1846 Aequora
559 1789 697 1831 maria
735 1791 810 1830 aut
849 1788 989 1844 campi
1028 1786 1170 1829 diffusi

378 1863 430 1904 ab
464 1877 514 1904 eo
548 1861 662 1916 quod
693 1861 866 1916 equales
900 1860 988 1901 sint

316 1932 654 1989 Aequorandum
673 1931 969 1988 nauigandum
985 1945 1035 1973 eo
1057 1931 1170 1986 quod

377 2006 522 2047 carina
554 2004 721 2046 sulcum
752 2003 886 2045 faciat

316 2075 579 2118 Aestimium
599 2075 947 2118 aestimationem
965 2076 1072 2129 puto
1088 2074 1171 2116 dici

319 2148 593 2190 Aestiuolum
626 2146 792 2188 aestiua
825 2149 1023 2200 tempora

318 2221 478 2262 Aestus
516 2219 582 2260 uis
621 2218 788 2260 marina
827 2217 894 2258 uis
940 2219 1170 2258 uentorum

376 2291 442 2332 uis
475 2291 645 2346 uertigo

263 2379 296 2404 20
317 2364 476 2404 Aestus
510 2362 753 2416 reciprocus
786 2360 917 2402 maris
950 2362 1117 2401 tractus

317 2436 432 2476 Aesu
466 2433 794 2475 manducatione

314 2504 431 2548 Aesu
465 2504 673 2547 comestio
707 2506 782 2546 aut
813 2503 1088 2545 manducatio

314 2576 448 2618 Aesui
481 2575 803 2617 manclucationi

314 2647 447 2689 Aesui
480 2647 629 2688 datum
663 2645 986 2688 manducationi
1018 2645 1166 2686 datum

262 2735 294 2760 :35
314 2717 476 2759 Aesum
509 2720 748 2759 comestum
781 2717 1086 2760 manducatum

798 172 1052 209 EXCERPTA
1077 172 1143 208 EX
1169 172 1311 209 LIBRO
1338 173 1628 211 GLOSSARVM

1231 283 1368 326 Aesus
1396 276 1671 328 manducatio

1151 408 1159 416 .
1231 357 1370 398 Aesus
1404 357 1519 412 quod
1557 359 1623 399 est
1663 357 1784 399 cibus
1821 372 1899 413 per
1931 374 1956 400 a
1986 361 2030 401 et
2061 374 2083 401 0

1289 428 1566 470 scribendum

1227 499 1450 541 Aesuritio
1477 499 1614 541 fames
1640 499 1684 542 id
1705 502 1772 543 est
1796 501 1948 544 edendi
1967 503 2083 558 cupi-

1285 572 1400 613 ditas

1226 642 1452 686 Aesuriuit
1484 643 1745 686 familicabit

1228 714 1464 757 Aesuriunt
1495 715 1738 757 familicant
1767 715 1962 758 ieiunant

1225 785 1432 828 Aetatula
1464 788 1557 841 etas
1590 788 1759 830 modica

1228 857 1417 913 Aezypia
1449 859 1626 901 tenebre

1223 929 1448 984 Aezyopes
1482 930 1703 972 tenebrosi

1223 1000 1446 1056 Aezyopes
1485 1015 1590 1057 gens
1629 1001 1734 1044 solis
1774 1002 1941 1044 ardoris
1980 1003 2076 1045 sub-

1280 1071 1372 1114 dita

1220 1142 1498 1185 Affectitores
1532 1143 1801 1199 appetitores
2095 1159 2129 1184 35

1218 1214 1440 1256 Afluentia
1472 1215 1737 1257 abundantia

1216 1284 1398 1327 Afluunt
1430 1286 1652 1329 abundant

1215 1356 1468 1400 Afrodiseos
1517 1359 1757 1401 ellenorum
1807 1358 1958 1414 lingua
2002 1374 2072 1401 au·

1273 1432 1427 1484 gustus
1460 1430 1620 1472 mensis
1654 1429 1813 1472 dicitur
1845 1428 1988 1488 (Isid.)

1214 1499 1455 1542 Afrodisios
1530 1500 1830 1543 bitiniensium
1912 1501 2063 1557 lingua

1271 1575 1482 1628 augustus
1515 1572 1675 1614 mensis
1709 1572 1869 1614 dicitur
1900 1571 2043 1630 (Isid.)

1213 1643 1351 1685 Affusi
1382 1643 1568 1685 humiles
1601 1644 1758 1686 defecti
1795 1644 1865 1686 uel
1903 1643 2119 1699 suppli-40

1269 1730 1338 1757 ces
1364 1715 1544 1757 lucanus
1571 1714 1697 1757 affusi
1722 1715 1839 1757 uinci
1866 1729 2064 1757 socerum

1211 1786 1412 1842 Agagula
1442 1786 1712 1828 lenocinator

1207 1857 1411 1914 Agagula
1443 1857 1697 1900 conciliator
1727 1858 1771 1899 id
1804 1861 1870 1900 est
1902 1858 1999 1901 leno

1208 1929 1412 1985 Agagula
1443 1943 1579 1971 uanus
1612 1928 1851 1972 fornicator

1208 2000 1486 2057 Ageneuotes
1520 1999 1594 2055 qui
1626 2015 1671 2042 se
1704 2000 1980 2043 sanctificant

1211 2073 1360 2128 Agger
1392 2072 1654 2114 monticulus
1686 2071 1757 2113 uel
1789 2086 1966 2113 aceruus

1209 2144 1414 2199 Agitator
1445 2143 1682 2185 uentilator
1714 2142 1980 2198 gubernator

1212 2214 1417 2271 Agitatur
1448 2215 1689 2256 uentilatur
1721 2214 1792 2256 uel
1825 2216 2026 2255 mouetur

1213 2286 1379 2342 Agmen
1412 2286 1609 2328 ordinata
1649 2285 1880 2328 multitudo
1918 2285 1963 2327 id
1995 2287 2062 2327 est

1268 2358 1479 2400 exercitus
1513 2357 1742 2399 ambulans

1207 2429 1444 2485 Agnitione
1478 2429 1726 2484 cognitione

1207 2502 1380 2558 Agonia
1413 2499 1616 2542 alacritas
1648 2500 1718 2541 uel
1750 2499 1880 2555 uigor
2083 2517 2117 2543 50

1205 2573 1378 2629 Agonia
1414 2571 1572 2614 fiducia
1609 2570 1871 2613 confidentia
1908 2570 2061 2612 alacri-

1264 2647 1354 2685 tate

1207 2715 1399 2771 Agoniat
1431 2717 1622 2756 certatur

2100 730 2134 756 30

2083 2089 2118 2115 45

435 2860 465 2892 1.
504 2857 685 2892 Aenorme
727 2859 739 2902 ΙΙ
783 2861 813 2892 5.
854 2858 954 2892 Aeoo
993 2859 999 2902 Ι
1039 2855 1239 2891 orientales
1282 2857 1294 2900 ΙΙ
1345 2858 1375 2889 7.
1407 2853 1674 2899 Aepitaphium
1717 2865 1762 2889 ea:
1801 2853 2051 2898 Aepitaphius

315 2927 404 2950 corr.
447 2918 459 2960 ΙΙ
504 2920 534 2951 8.
563 2915 705 2951 eroicus
740 2917 745 2962 Ι
779 2918 887 2962 gesta
918 2928 1044 2952 eorum
1081 2917 1093 2961 ΙΙ
1131 2919 1161 2950 9.
1194 2914 1417 2959 Aepulatius
1452 2916 1457 2960 1
1492 2913 1556 2958 qui
1588 2912 1708 2961 epulis
1745 2915 1757 2958 ΙΙ
1798 2916 1852 2948 14.
1885 2915 1924 2948 et
1947 2924 2012 2948 om.
2046 2914 2058 2959 Η

320 2979 370 3008 17.
399 2974 473 3010 dici
498 2987 542 3010 er
568 2975 661 3010 dicit
685 2988 776 3012 corr.
813 2978 825 3021 11
862 2980 917 3011 21.
946 2976 1064 3011 Aesus
1099 2977 1104 3019 Ι
1138 2973 1446 3009 manducationes
1484 2975 1496 3018 11
1533 2977 1589 3008 22.
1622 2973 1740 3007 Aesus
1779 2973 1791 3016 ΙΙ
1829 2974 1885 3007 24.
1911 2972 2056 3007 secund.

316 3032 445 3067 datum
471 3046 515 3069 ex
541 3034 683 3069 dictum
707 3036 748 3070 in
772 3037 877 3071 scrib.
904 3046 995 3071 corr.
1021 3039 1063 3070 ut
1088 3035 1159 3070 vid.
1181 3037 1192 3078 ΙΙ
1212 3037 1266 3069 31.
1294 3033 1388 3079 uirg.
1415 3033 1490 3068 cod.
1511 3034 1522 3077 ΙΙ
1542 3035 1597 3066 32.
1627 3030 1801 3076 Aetiopia
1822 3032 1828 3076 Ι
1850 3030 2027 3065 tenebrae
2046 3030 2058 3077 Η

315 3095 371 3127 33.
398 3093 574 3138 Aetiopes
599 3095 611 3138 ΙΙ
643 3097 697 3128 34.
726 3093 901 3139 Aetiopes
925 3097 930 3139 Ι
953 3093 1075 3129 ardori
1101 3095 1114 3138 l}
1139 3096 1194 3127 35.
1222 3092 1468 3127 Affectatores
1494 3093 1507 3137 ΙΙ
1532 3094 1587 3126 39.
1614 3090 1832 3125 Afrodiseus
1853 3091 1859 3134 Ι
1884 3091 1915 3133 Rc
1940 3090 2017 3125 cod.
2043 3090 2055 3137 Η

314 3153 370 3185 46.
398 3152 627 3197 gubernatur
652 3155 664 3197 ss
