2221 3490
601 102 866 151 'EXGERPTA
890 114 957 148 EX
983 112 1156 149 CODIOE
1182 111 1431 147 VATICANO
1461 114 1550 146 14T1
1867 109 1951 151 537

195 227 394 270 Moecum
425 224 471 284 (0
503 241 551 269 ex
584 242 605 268 e
637 240 691 267 m.
707 225 750 277 1)
785 225 1031 267 adulterum
1094 222 1195 265 Non
1228 222 1337 264 nihil
1371 223 1645 278 aliquantum

197 299 389 341 Minatus
422 298 608 354 pusillos
1096 294 1264 337 Neuter
1295 294 1441 336 nullus
1475 309 1624 336 eorum

197 371 353 413 Maneo
388 373 568 426 expecto
1097 366 1199 409 Non
1230 366 1317 408 fert
1349 382 1437 409 non
1468 366 1637 422 patitur

197 443 318 485 Metu
350 443 496 485 timeri
1098 437 1200 481 Non
1231 438 1388 481 merito
1421 453 1509 480 11011
1542 441 1656 480 recte
1977 447 2011 471 40

163 531 178 556 5
200 515 362 557 Mutire
395 514 646 557 dimidiator
679 513 814 555 uerbo
847 513 968 568 loqui
1098 510 1201 553 Non
1233 511 1500 553 conueniunt
1533 508 1763 551 dissimilia
1796 511 1897 550 sunt

200 587 447 630 Medierunt
480 587 820 629 admeuenerunt
1098 582 1231 625 Nimo
1264 583 1458 638 pretioso

200 659 381 701 Maximi
412 659 496 701 feci
530 658 673 701 amaui
707 657 819 699 colui
1100 654 1249 696 Nonni
1283 655 1408 696 ualde
1443 653 1476 711 (l
1508 667 1706 707 superscr.
1740 667 1791 694 m.
1809 651 1852 709 1)

200 731 421 773 Maeerare
456 745 614 787 angere
1099 725 1262 768 Netam
1294 742 1381 768 non
1415 727 1520 768 adeo

201 802 329 845 Mitte
367 803 499 845 omite
1103 798 1230 840 Nunc
1264 798 1366 839 illus
1399 801 1466 840 est
1497 813 1565 840 res
1600 799 1651 840 ad
1685 798 1768 839 1100
1804 796 1923 839 uenit
1981 807 2016 831 45

150 892 182 916 ιο
202 874 360 917 Moneo
393 874 542 931 cogito
576 888 702 917 curro
1102 869 1205 912 Non
1236 874 1303 912 est
1334 870 1541 925 peruiuus
1576 869 1667 911 sine.
1701 869 1865 911 exitum
1897 872 1963 911 est

201 946 417 989 Mulcauit
450 945 607 988 cecidit
1102 941 1204 984 Non
1235 957 1374 997 nuper
1405 957 1493 984 11011
1526 942 1630 983 011111

201 1017 382 1060 Minime
414 1033 501 1060 non
1104 1014 1290 1057 Nauiter
1322 1015 1448 1056 nauis
1481 1014 1599 1055 trinu

202 1090 432 1147 Magnifice
466 1090 607 1145 ample
641 1090 851 1131 uebenter
1105 1086 1379 1128 Neuolonem
1414 1101 1575 1127 uanum
1609 1086 1677 1127 uel
1712 1086 1853 1127 leuem

202 1162 350 1204 Meatu
385 1162 611 1204 carissima
644 1161 751 1203 mihi
1107 1159 1324 1214 Numquis
1357 1158 1566 1213 numquid
1602 1158 1759 1213 aliquis
1987 1167 2021 1189 5⁰

151 1251 183 1276 15
204 1234 415 1291 Mastigia
446 1235 628 1277 uerbero
662 1235 800 1290 flagro
1106 1230 1229 1273 Naue
1263 1231 1431 1272 neforte

203 1307 439 1350 Maceriam
473 1306 706 1349 strictilem
740 1321 885 1361 sepem

206 1380 385 1423 Modum
418 1379 549 1421 finem
1109 1374 1388 1430 obsequatur
1414 1376 1555 1431 prosit

208 1452 359 1494 Manes
393 1451 549 1507 spirita
1110 1448 1276 1502 Opinoi·
1309 1448 1508 1502 suspicor

206 1524 413 1580 Murgero
448 1523 683 1566 oboediens
717 1524 912 1565 moribus
1110 1520 1361 1562 Oscitantes
1395 1534 1570 1562 securos
1604 1520 1772 1561 otiosus

152 1613 186 1638 κο
209 1596 496 1639 Mercimonia
527 1594 841 1652 negotiationis
1111 1592 1292 1648 Opitulo
1327 1592 1547 1648 opemfero
1583 1592 1741 1633 adiubo

206 1668 433 1711 Matronas
467 1668 614 1711 uxoris
1112 1665 1277 1707 Orbam
1310 1665 1402 1707 sine
1436 1664 1691 1720 parentibus

209 1741 421 1784 Mollities
456 1741 589 1783 animi
623 1740 775 1783 delicie
1113 1738 1323 1793 oportuit
1357 1751 1570 1792 congrues
1603 1736 1687 1778 fuit

208 1814 405 1857 Modeste
439 1814 697 1856 uerecundie
1113 1809 1302 1852 Obtrudi
1335 1825 1411 1864 per
1443 1808 1663 1851 fallaciam
1696 1808 1790 1850 (lari

210 1886 457 1929 Monstrum
488 1886 687 1929 homines
1117 1882 1300 1937 Operiar
1333 1884 1556 1937 expectem

156 1973 191 2000 25
213 1959 463 2001 Monstruse
496 1958 628 2000 homo
1115 1954 1305 2010 Optume
1340 1957 1553 2010 oportune
1996 1962 2030 1986 60

1115 2025 1256 2068 Obolo
1291 2041 1386 2081 asse

213 2103 307 2146 Non
340 2103 520 2145 dubium
554 2101 836 2145 manifestum
1115 2097 1295 2154 Operire
1329 2112 1455 2140 mane

212 2175 337 2219 Nihil
371 2176 519 2218 obsint
551 2189 706 2218 nocere
739 2190 825 2218 11011
859 2171 1031 2231 possint
1118 2170 1281 2213 Obtate
1317 2171 1468 2212 obtare
1502 2184 1551 2212 ex
1587 2172 1690 2211 uoto

214 2247 448 2303 Nepticula
482 2262 550 2290 res
584 2248 740 2289 breues
984 2230 1006 2236 Ἡ
1118 2243 1314 2298 Obsequi
1347 2242 1592 2285 consentire
1627 2240 1879 2283 satisfacere

215 2320 378 2363 Necem
410 2323 599 2362 mortem
1118 2315 1335 2358 Obiurdat
1366 2315 1535 2370 inpedit
1996 2322 2029 2346 1³5

160 2409 194 2433 30
215 2391 307 2435 Nec
341 2392 517 2435 elamite
552 2394 619 2434 est
650 2406 738 2446 non
771 2394 813 2434 te
852 2392 958 2434 latet
1118 2388 1302 2430 Oblecto
1336 2388 1503 2430 delecto
1539 2386 1742 2429 consulor

217 2464 283 2507 Ne
318 2479 477 2520 oquam
616 2448 624 2456 ⁵
1120 2460 1349 2503 Obtundas
1384 2474 1536 2502 uerum
1571 2458 1684 2500 male
1716 2457 1903 2511 accipias

216 2536 283 2579 Ne
317 2536 519 2591 utiquam
550 2550 826 2591 nequaquam
859 2551 946 2578 11011
1120 2532 1374 2587 Obsequare
1410 2530 1665 2586 obsequaris
1699 2529 1945 2571 consentias

217 2609 337 2651 Num
369 2608 581 2663 numquid
1120 2604 1292 2660 Obpido
1325 2604 1451 2645 ualde

217 2681 377 2723 Nullus
409 2695 496 2723 non
1121 2677 1250 2720 Obici
1282 2676 1376 2718 dari
2003 2684 2036 2707 70

165 2767 198 2794 35
218 2753 387 2809 Nempe
421 2755 536 2796 certe
1123 2749 1283 2792 Odiose
1317 2748 1501 2790 moleste

220 2826 322 2868 Non
356 2825 509 2868 coierit
540 2839 629 2867 non
661 2824 868 2867 conuenit
1125 2821 1310 2864 Obeiam
1343 2819 1490 2862 desine
1523 2819 1654 2861 irasci

318 2948 348 2979 1.
376 2942 575 2979 Moechum
595 2945 607 2988 ΙΙ
626 2948 658 2978 2.
676 2947 706 2978 3.
729 2955 795 2978 om.
816 2943 828 2988 11
848 2945 881 2978 4.
908 2940 1036 2977 timori
1056 2944 1067 2987 [Ι
1087 2946 1119 2978 5.
1142 2938 1342 2974 dimidiato
1363 2939 1374 2982 [Ι
1395 2941 1425 2972 6.
1448 2948 1514 2972 om.
1536 2937 1548 2981 ΙΙ
1571 2941 1600 2971 7.
1630 2934 1705 2970 faci
1724 2936 1735 2980 ΙΙ
1757 2939 1787 2969 9.
1806 2937 1860 2969 10.
1882 2945 1947 2969 om.
1976 2934 1986 2975 11

222 3009 278 3041 10,
306 3015 394 3039 curo
420 3005 432 3049 11
465 3006 520 3039 11.
543 3006 598 3039 12.
626 3015 693 3038 om.
720 3005 732 3048 ΙΙ
766 3005 809 3036 13
848 3001 1091 3037 uehementer
1116 3002 1128 3045 11
1162 3003 1216 3035 15.
1244 3010 1310 3034 om.
1339 3000 1350 3043 u
1386 3001 1438 3032 16.
1465 2995 1632 3031 Maceria
1657 2997 1669 3039 ΙΙ
1700 2996 1854 3029 ‘zo—25.
1881 3004 1948 3029 om.
1974 2992 1987 3038 11

220 3068 277 3101 27.
304 3077 370 3101 om.
401 3066 413 3109 ΙΙ
445 3066 597 3099 30-36.
626 3074 691 3099 om.
719 3063 730 3107 11
764 3066 918 3097 37—41.
945 3074 1012 3097 om.
1039 3062 1050 3106 ΙΙ
1082 3062 1235 3096 43-48,
1263 3070 1331 3094 om.
1358 3059 1369 3102 ΙΙ
1396 3062 1450 3093 50.
1473 3060 1529 3091 51.
1557 3067 1624 3091 om.
1655 3058 1666 3101 11
1699 3058 1755 3089 53.
1783 3052 1951 3099 Obpinor
1984 3052 1986 3097 ξ

222 3129 278 3160 54.
305 3137 372 3160 om.
393 3126 405 3169 u
425 3128 480 3159 55.
502 3134 568 3158 om.
589 3123 601 3168 ΙΙ
622 3126 708 3157 57ὴ
718 3126 774 3158 60.
795 3133 862 3158 om.
882 3122 894 3166 ΙΙ
914 3125 969 3155 61.
999 3132 1082 3156 asse
1103 3123 1114 3164 ΙΙ
1135 3122 1286 3155 63-68,
1308 3130 1373 3154 om.
1395 3119 1406 3162 ΙΙ
1427 3120 1482 3152 69.
1506 3115 1654 3163 Oppido
1673 3116 1685 3160 11
1707 3117 1857 3149 70-72,
1880 3125 1946 3149 om.
1974 3113 1984 3157 1
