2216 3402
621 140 855 176 PLACIDVS
882 140 1135 176 LIBRORVM
1162 139 1479 175 ROMANORVM

183 249 497 305 Nucispineum
530 252 596 292 est
629 250 743 304 quod
775 249 929 291 rustici
966 265 1039 291 nu-

244 321 463 376 dipineum
496 322 654 362 dicunt.

184 391 309 446 Nepa
347 392 542 447 scorpius
584 407 692 446 quae
730 395 857 433 natos
891 407 1040 433 consu-

244 463 325 504 mit
356 464 441 505 nisi
474 479 572 505 eum
606 463 679 518 qui
706 463 833 504 dorso
862 463 953 504 eius
979 463 1040 504 in-

243 535 407 577 heserit
434 550 605 576 sursum
631 534 723 588 ipse
746 534 818 588 qui
840 537 1038 576 seruatus

244 606 378 648 fuerit
430 606 646 648 consumit
703 608 874 660 patrem
928 606 1039 647 unde

245 678 441 720 homines
469 678 543 732 qui
569 678 684 719 bona
709 680 938 732 parentum
964 692 1041 732 per

244 750 461 791 luxuriam
489 751 750 791 consumunt
776 751 956 804 nepotes
983 750 1041 790 di-

247 824 402 863 cuntur
446 820 547 862 hinc
599 835 770 875 quoque
815 820 1040 876 nepotatio

244 908 321 947 per
347 892 563 934 luxuriam
588 893 767 947 ponitur
788 907 873 946 qua
900 895 1041 933 certae

245 979 438 1020 quaeque
472 979 540 1006 res
574 966 899 1006 consumuntur.

185 1036 403 1078 Numeros
443 1037 560 1078 omni
598 1036 726 1078 modo
760 1035 931 1090 spulsas
964 1037 1041 1076 tuo

245 1109 412 1162 plectro
724 1106 829 1148 dicit
892 1107 1042 1148 cordas

246 1180 337 1221 siue
387 1194 544 1221 neruos
593 1179 786 1220 citharae
837 1193 938 1220 nam
990 1178 1044 1219 ci-

246 1251 374 1292 thara
401 1251 584 1292 diuersis
610 1250 802 1292 numeris
836 1252 910 1291 aut
938 1249 1043 1290 aeri-

480 1122 661 1149 numero

246 1323 327 1364 bus
379 1325 552 1364 constat
603 1337 696 1364 esse
754 1321 1042 1376 compositam

244 1394 365 1435 iuxta
398 1394 638 1436 armoniam
672 1392 820 1435 mundi
853 1393 963 1434 unde
996 1392 1042 1433 hi

247 1466 320 1521 qui
360 1480 411 1507 ex
452 1468 639 1520 quatuor
678 1465 903 1507 elementis
947 1479 1042 1506 con-

246 1540 362 1579 stare
406 1537 611 1579 uniuersa
660 1538 862 1578 dixerunt
912 1538 1043 1578 tetra-

246 1608 408 1651 cordon
444 1609 642 1651 fecerunt
680 1609 856 1663 quidam
895 1610 1043 1662 penta-

247 1681 409 1723 cordon
450 1681 503 1722 ad
542 1683 730 1735 quatuor
768 1681 918 1722 dentes
963 1680 1044 1721 ele-

247 1753 406 1793 mentis
465 1752 657 1793 diuinam
723 1750 1043 1806 prouidentiam

246 1824 444 1865 nonnulli
490 1824 756 1878 eptacordon
800 1824 924 1864 iuxta
969 1838 1045 1864 nu-

248 1911 415 1937 merum
448 1899 615 1950 septem
649 1896 827 1937 deorum
860 1909 1043 1950 quorum

247 1967 337 2008 dies
358 1966 608 2009 nominibus
636 1969 942 2022 nuncupantur
968 1966 1042 2008 alii

246 2039 521 2081 ennacordon
560 2039 633 2093 qui
671 2038 739 2080 his
774 2041 942 2093 septem
975 2037 1043 2079 ad-

247 2110 480 2152 iunxerunt
508 2111 674 2152 caelum
694 2113 737 2152 et
758 2113 932 2152 terram.
974 2109 1043 2150 uel

246 2185 426 2237 propter
457 2182 742 2224 nouenarium
776 2182 829 2223 ab
861 2181 1043 2236 astagiis

246 2254 424 2296 nauitur
456 2256 523 2295 est
555 2253 664 2295 bene
691 2256 734 2295 et
759 2252 974 2294 industrie
1001 2254 1044 2293 et

248 2329 372 2368 caute
405 2328 455 2367 ut
486 2325 611 2367 nauis
646 2325 703 2366 sit
734 2325 803 2366 uel
831 2324 1045 2380 guberna-

248 2400 320 2439 tor
356 2399 548 2439 tractum
587 2412 611 2438 a
648 2397 750 2438 naui
789 2396 900 2438 unde
942 2396 1044 2437 naui

248 2468 452 2510 dicuntur
477 2468 582 2510 boni
614 2468 764 2524 ignaui
792 2467 917 2509 stulti
942 2467 1044 2509 naui

246 2540 437 2582 natandi.

224 2670 446 2713 INCIPIT
479 2671 596 2712 PER
629 2671 664 2713 O
699 2670 1014 2713 LITTERAM.

155 2753 436 2797 50economa
474 2757 541 2796 est
577 2755 673 2809 ipsa
712 2755 941 2809 dispositio
984 2755 1046 2797 rei

1868 140 1925 180 35

1139 250 1385 304 disponitur
1423 249 1576 290 domus
1616 250 1659 289 et
1698 246 1759 288 sic
1797 247 1932 288 fabri-

1138 324 1261 362 catur
1295 321 1356 362 sie
1389 323 1432 362 et
1460 335 1484 361 a
1509 319 1652 374 poetis
1679 321 1722 359 et
1744 319 1796 359 ab
1819 321 1933 360 acto-

1139 392 1256 433 ribus
1285 391 1536 433 oeconomia
1561 389 1680 445 prius
1709 390 1933 431 ordinatur

1139 465 1182 504 et
1215 463 1276 504 sic
1309 463 1571 505 describitur
1602 464 1761 516 utputa
1792 476 1844 502 ne
1877 461 1933 501 le-

1139 535 1313 575 deretur
1350 534 1452 575 iuno
1492 549 1568 588 per
1608 533 1810 574 didonem
1848 535 1935 573 tro-

1139 605 1336 647 ianorum
1380 620 1527 661 regem
1565 606 1670 647 haec
1704 603 1933 658 dispositio

1140 677 1391 718 oeconomia
1425 676 1594 718 dicitur.

1082 747 1282 789 Odorifer
1337 748 1577 789 masculino
1636 762 1790 803 genere
1846 762 1934 788 non

1141 818 1398 860 odioriferus
1442 834 1526 874 quo
1566 820 1693 860 modo
1726 819 1934 860 feminino

1139 890 1245 932 haec
1310 890 1527 933 odorifera
1589 893 1793 932 neutrum
1852 890 1935 930 hoc

1141 962 1416 1004 odoriferum.

1082 1034 1219 1075 Obter
1255 1034 1366 1075 nihil
1399 1036 1464 1075 est
1496 1048 1548 1075 ne
1589 1033 1845 1075 mendosum
1879 1032 1936 1073 sit

1142 1109 1185 1147 et
1206 1106 1256 1147 fit
1276 1108 1352 1147 aut
1371 1107 1551 1160 propter
1571 1103 1838 1160 praepositio
1861 1107 1936 1145 aut

1143 1177 1285 1219 obiter
1317 1177 1584 1219 aduerbium.

1082 1249 1338 1292 Obtundens
1366 1248 1547 1290 obtusus
1574 1247 1680 1289 facit
1700 1247 1936 1302 praeterito

1141 1320 1351 1376 temporis
1378 1320 1658 1375 participium
1685 1318 1776 1360 sine
1804 1334 1866 1361 .11.
1895 1322 1938 1359 et

1142 1396 1208 1435 est
1240 1393 1422 1434 uerbum
1455 1391 1661 1434 actiuum.

1082 1464 1330 1507 Obtundere
1364 1466 1407 1505 et
1441 1463 1604 1518 aliquid
1636 1463 1681 1504 in
1712 1462 1937 1518 angustias

1140 1536 1358 1578 includere
1390 1535 1461 1576 uel
1493 1534 1726 1589 impellere.

1081 1607 1317 1650 Obstruere
1347 1609 1493 1648 autem
1527 1606 1563 1647 si
1595 1605 1817 1648 hominem
1842 1620 1937 1661 pro-

1140 1679 1291 1721 hibere
1313 1678 1349 1720 si
1372 1679 1516 1720 locum
1538 1678 1803 1720 aedificando
1825 1678 1936 1718 clau-

1142 1752 1249 1793 dere.

1084 1824 1427 1879 Opobalsamum
1460 1821 1643 1864 dicimus
1674 1835 1823 1863 succos
1851 1821 1939 1861 bal-

1143 1895 1253 1937 sami
1296 1897 1339 1936 et
1380 1894 1424 1935 ni
1466 1893 1596 1935 fallor
1639 1907 1746 1948 opus
1786 1906 1938 1933 succus

1142 1967 1313 2009 dicitur.

1084 2039 1220 2095 Orgia
1264 2041 1331 2080 est
1376 2052 1579 2093 graecum
1624 2036 1665 2077 id
1706 2039 1772 2077 est
1811 2042 1940 2077 'sacra

1143 2126 1252 2165 quae
1295 2124 1373 2164 per
1422 2108 1613 2150 furorem
1665 2108 1940 2150 celebrantur

1143 2185 1192 2224 ut
1223 2181 1350 2223 liberi
1382 2181 1520 2236 patris
1555 2183 1598 2222 et
1632 2179 1784 2222 matris
1811 2179 1938 2220 deum

1144 2254 1238 2309 orgi
1265 2256 1411 2294 autem
1437 2267 1639 2294 mensura
1666 2251 1780 2306 quod
1805 2249 1939 2291 latine

1143 2325 1302 2367 dicitur
1333 2325 1447 2366 ulna.

1084 2397 1304 2452 Oppipare
1349 2398 1392 2438 et
1438 2396 1639 2451 opulente
1685 2395 1855 2436 diuiciis
1897 2393 1941 2434 id

1143 2472 1209 2511 est
1266 2468 1419 2524 opidus
1477 2467 1727 2510 conuiuium
1782 2465 1940 2507 instru-

1143 2543 1274 2582 ctum.

1085 2612 1197 2654 Osor
1229 2611 1389 2653 dicitur
1421 2611 1495 2667 qui
1521 2611 1656 2653 alium
1684 2610 1782 2651 odio
1809 2609 1941 2649 habet

1145 2687 1188 2725 et
1215 2688 1280 2725 est
1305 2698 1464 2725 nomen
1499 2682 1668 2737 generis
1699 2679 1940 2722 communis

1145 2755 1216 2797 hic
1250 2758 1294 2796 et
1326 2755 1431 2796 haec
1465 2769 1576 2795 osor.

1958 1622 1992 1646 10

251 2826 432 2867 alicuius
464 2827 585 2881 prius
614 2826 726 2868 sicut
754 2827 979 2868 ordinatur
1006 2830 1048 2868 et
1087 2826 1262 2869 Occidio
1315 2826 1473 2868 dicitur
1527 2824 1674 2880 generi
1732 2823 1940 2864 feminino
1962 2838 1995 2863 15

286 2947 318 2978 2.
345 2942 369 2978 f.
390 2954 536 2977 rursum
556 2943 594 2978 122
613 2945 655 2978 in
673 2955 786 2990 mam.
838 2943 928 2988 quia
949 2946 1047 2979 certe
1066 2956 1088 2979 (
1138 2954 1204 2988 pro
1225 2942 1413 2977 luxuriam
1434 2943 1453 2976 b
1505 2945 1535 2974 3.
1559 2940 1791 2975 omnimodos
1811 2940 1942 2986 pulsas

190 3015 207 3038 e
234 3003 362 3038 coo-721>
412 3002 582 3048 numero]
608 3014 723 3038 neruo
750 3004 770 3038 b
821 3003 1070 3048 compositam
1091 3014 1135 3038 ea:
1155 3001 1404 3047 compositum
1425 3002 1456 3036 b.
1491 3000 1740 3046 compositum
1761 3012 1779 3035 c
1829 3011 1940 3034 enna-

194 3063 332 3098 cordon
357 3067 391 3098 et
421 3073 499 3107 sup.
527 3073 595 3098 scr.
620 3067 706 3099 m?
734 3063 795 3098 uel
821 3062 856 3097 ci
882 3076 916 3098 .
957 3063 1194 3098 ennacordon
1222 3066 1255 3097 et
1280 3060 1342 3095 uel
1369 3060 1426 3096 cia
1452 3072 1530 3106 sup.
1557 3072 1623 3096 scr.
1652 3062 1697 3096 bc
1768 3064 1799 3095 4.
1827 3058 1941 3093 INCI-

195 3116 343 3158 PIVNT
370 3135 392 3158 a
469 3125 500 3157 5.
529 3121 626 3156 sicut
650 3122 753 3167 prius
780 3124 827 3158 bc

1609 3180 1656 3213 3*
