2221 3490
238 174 323 214 444

238 283 375 325 Busta
416 297 486 323 are
527 279 738 334 templum
778 277 936 332 cesaris
977 276 1090 318 idest

299 353 574 408 sepulchrum

239 424 456 467 *Busticita
522 422 750 478 sepulchra

298 496 400 550 quia
432 495 720 537 incendebant
753 508 851 536 ossa
884 507 1033 534 eorum

202 572 205 575 ’
237 568 378 609 Butus
411 566 621 621 incipiens

237 639 399 680 Butum
432 638 635 680 inbutum
668 637 722 678 ab
755 636 988 678 imbuendo

203 722 218 746 5
238 709 455 752 Buuiuere
478 709 734 765 sanguinem
761 707 980 763 inquinari
1006 722 1093 748 mu-

814 420 1092 475 antiquorum

296 782 393 824 lieri
426 784 647 824 menstruo

242 857 426 911 Byrsum
462 852 607 895 rufum

239 929 403 982 Byrrus
435 924 557 966 rufus
590 923 659 966 uel
692 923 816 979 niger

243 1000 428 1054 Byssum
456 996 632 1038 siricum
652 998 819 1037 tortum
840 995 906 1037 uel
935 1009 1094 1050 genum

299 1069 551 1112 uestimenti

239 1144 400 1185 Batum
432 1141 655 1183 incensum
688 1141 928 1181 crematum

189 1294 220 1319 1⁰
242 1286 360 1330 Cabo
395 1284 611 1328 caballum

243 1358 484 1400 Caccabum
518 1354 604 1397 olla

242 1429 434 1472 Caduces
469 1426 637 1469 delictis
672 1440 747 1467 seu
780 1424 962 1466 detectis

243 1501 408 1543 Cadum
440 1514 517 1541 uas
552 1512 696 1552 ereum
730 1512 804 1538 seu
838 1511 991 1537 cauum

243 1572 379 1615 Cades
410 1570 527 1613 uasis

192 1652 223 1676 15
245 1643 481 1687 Cacumina
526 1641 715 1684 acrorias
767 1640 879 1681 idest
925 1640 1098 1681 summi-

302 1717 414 1757 tates

245 1788 361 1830 Cado
394 1801 504 1827 urna
536 1785 603 1827 uel
636 1784 741 1826 sicla
775 1799 880 1838 enea

246 1858 449 1900 Calculus
476 1856 647 1913 gladius
671 1856 866 1910 lapideus
888 1853 1098 1896 discussio

306 1930 396 1972 siue
430 1928 648 1971 sententia
680 1926 885 1969 iudicium

246 2001 496 2044 Calcantem
528 2000 797 2042 sacerdotem

248 2072 431 2116 Calones
465 2071 586 2114 caliri
619 2071 806 2112 militum

195 2154 228 2178 2⁰
249 2144 375 2187 Calta
407 2159 542 2200 genus
575 2144 694 2185 floris
728 2142 985 2197 bupthalmo

248 2217 394 2259 Caltat
427 2215 655 2271 caliginem
688 2213 793 2256 facit

248 2289 457 2330 Calathus
491 2287 701 2342 cophinus
734 2286 803 2327 uel
837 2285 1052 2327 canistrus

249 2360 538 2402 Calamitosus
571 2357 838 2413 periculosus

250 2430 471 2473 Camelum
504 2430 603 2471 fune
637 2429 798 2470 maiore

198 2502 499 2545 2⁵Ca11tennus
534 2501 751 2543 maleficus

252 2574 416 2617 Cancer
460 2573 632 2615 nomine
673 2575 738 2613 cst
783 2570 996 2625 serpentis
1036 2584 1102 2610 ne—

312 2660 440 2700 quam

255 2717 492 2758 Cane-,ulum
525 2716 703 2757 dubium
737 2714 988 2767 ambiguum

254 2788 448 2829 Canebat
492 2787 719 2829 candidum
763 2788 857 2827 erat
901 2783 1104 2826 canitiem

313 2859 529 2901 aluicabat

779 166 1035 204 EXCERPTA
1061 165 1125 200 EX
1152 163 1343 200 GLOSSIS
1370 162 1402 196 A
1422 162 1453 196 A

1130 273 1295 328 Capare
1329 271 1481 326 exequi
1513 283 1828 326 praeoccupare

1131 343 1343 400 Capulum
1374 343 1527 399 iugum

1132 415 1274 471 Capea
1306 415 1527 456 theatrum

1133 486 1339 542 Capidine
1371 486 1487 529 inter
1519 486 1683 528 uallum
1716 499 1791 526 seu
1824 484 1984 539 capedo

1132 558 1343 614 Capulum
1376 557 1651 600 manubrium
1686 555 1820 613 gladii

2004 350 2041 375 30

1132 630 1425 686 Capillassent
1436 628 1688 670 minutatim
1697 627 1986 670 concidissent

1132 702 1305 757 Capedo
1339 701 1530 757 spatium
1563 700 1676 742 inter
1708 699 1897 754 parietes
2006 706 2040 733 35

1133 773 1280 830 Capax
1331 773 1404 829 qui
1456 772 1620 828 aliquid
1667 772 1754 814 cito
1806 771 1987 813 memori

1193 848 1312 888 tenet

1134 917 1372 973 Capedines
1407 917 1521 972 quod
1553 931 1683 958 manu
1716 915 1887 970 capitur

1134 988 1342 1045 Captauis
1376 987 1593 1043 apolausis

1134 1060 1326 1116 Carpens
1359 1060 1643 1115 drepomenos
1677 1058 1908 1114 apotrigon

1135 1133 1294 1187 Captas
1329 1131 1463 1174 oculis
1498 1131 1696 1172 definitas
2009 1136 2043 1160 ⁴¹0

1136 1204 1288 1260 Capite
1321 1203 1453 1260 plecti
1486 1201 1626 1258 capite
1660 1201 1853 1244 truncari

1137 1276 1291 1320 Carine
1323 1275 1501 1317 nauium
1534 1273 1752 1329 margines

1136 1347 1276 1389 Cardo
1310 1347 1397 1388 ima
1427 1361 1527 1402 pars
1560 1345 1679 1386 horti

1137 1418 1288 1461 Cariso
1322 1433 1400 1473 pro
1434 1419 1560 1460 inane
1590 1432 1727 1459 uacuo
1755 1417 1897 1459 carius
1925 1420 1992 1459 est

1196 1490 1355 1532 animal
1389 1490 1460 1544 qui
1494 1492 1537 1530 et
1570 1489 1689 1530 tinea
1721 1489 1879 1531 dicitur

1137 1561 1321 1605 Carmen
1342 1563 1385 1602 et
1404 1564 1506 1616 post
1528 1562 1679 1603 cantus
1700 1576 1856 1616 poema
1877 1561 1989 1615 quod
2009 1565 2045 1590 45

1195 1636 1326 1689 poeta
1360 1632 1581 1687 componit

1137 1705 1366 1748 Carescere
1399 1704 1588 1746 statione

1138 1778 1249 1820 Cara
1281 1792 1356 1818 seu
1388 1777 1530 1817 lentea
1563 1775 1659 1817 uela
1692 1775 1742 1817 de
1774 1791 1882 1817 naue

1139 1850 1278 1893 Cardo
1313 1849 1436 1904 origo
1470 1847 1591 1889 radix
1626 1847 1728 1889 stirs

1139 1922 1391 1964 Caresceres
1448 1920 1559 1960 unde
1615 1919 1839 1975 quadrigei
1895 1919 1991 1960 mit—

1198 1995 1350 2035 tuntur

1140 2065 1367 2107 Carescere
1400 2063 1475 2105 ubi
1507 2062 1814 2104 reclauduntur
2013 2066 2048 2091 5⁰

1140 2137 1329 2192 Capieba
1362 2149 1513 2177 somno
1547 2133 1790 2175 dormiebat

1140 2208 1285 2252 Cassis
1319 2207 1429 2248 retia
1459 2205 1656 2259 leporum

1141 2278 1268 2322 Casia
1299 2293 1455 2320 nomen
1487 2277 1620 2318 herbe
1652 2276 1697 2317 in
1732 2277 1914 2332 uergilio

1141 2349 1448 2393 Cassabundus
1481 2348 1715 2390 baccillans
1752 2349 1819 2390 uel
1860 2349 1992 2390 insta-

1200 2421 1301 2463 bilis

1142 2493 1363 2536 Cassiculo
1397 2491 1580 2534 reticulo
1961 2499 1972 2507 ·
2014 2494 2046 2520 55

1143 2565 1287 2608 Cassis
1321 2577 1574 2606 aranearum
1608 2562 1692 2603 tele

1143 2636 1278 2679 Casus
1310 2635 1549 2691 periculum
1582 2634 1758 2687 aduerse
1792 2634 1928 2688 partis

1143 2707 1273 2750 Casta
1305 2707 1460 2763 pudica
1492 2719 1605 2761 agna
1638 2703 1775 2745 semni

1143 2780 1330 2822 Caterba
1361 2777 1596 2820 multitudo
1630 2776 1757 2832 glbus

1145 2850 1338 2893 Casabus
1371 2850 1533 2907 flagelli
1567 2848 1835 2904 copidermos
2015 2856 2049 2880 60

352 3043 381 3070 s.
410 3047 525 3080 genus
553 3037 602 3070 ab
622 3036 633 3079 Η
654 3038 708 3069 21.
737 3033 877 3068 Calitat
903 3033 953 3066 ab
973 3033 983 3076 11
1004 3035 1058 3066 26.
1086 3040 1221 3064 nomen
1246 3041 1269 3063 a
1289 3032 1300 3072 ΙΙ
1325 3032 1380 3063 29.
1408 3026 1548 3071 Capcre
1575 3026 1593 3060 b
1613 3026 1625 3070 ΙΙ
1650 3027 1706 3060 44.
1733 3023 1883 3059 Carioso
1910 3023 1961 3057 ab
1986 3022 1998 3067 Η

257 3098 312 3129 46.
335 3098 388 3128 50.
416 3095 570 3129 Carcere
597 3095 647 3128 ab
679 3096 690 3138 ΙΙ
722 3097 777 3127 48.
805 3091 931 3136 stirpis
958 3104 991 3125 a.
1029 3089 1141 3134 stirps
1168 3090 1187 3124 b
1225 3090 1236 3133 ΙΙ
1274 3092 1329 3122 49.
1357 3087 1529 3122 Carceres
1557 3098 1590 3120 ιι.
1623 3083 1786 3119 Carcires
1813 3083 1833 3117 b
1867 3085 1871 3125 Ι
1906 3091 1996 3125 qua-

258 3153 363 3199 drige
390 3152 611 3187 omittuntur
637 3154 687 3187 ab
713 3155 724 3197 ΙΙ
757 3154 811 3187 51.
840 3149 1021 3196 Capicbat
1047 3150 1097 3184 ab
1127 3150 1137 3194 ΙΙ
1170 3152 1223 3183 59.
1252 3146 1386 3192 globus
1412 3158 1444 3180 a.
1479 3143 1612 3189 glouus
1640 3144 1659 3178 b
1685 3145 1696 3186 ΙΙ
