2216 3402
884 126 1159 162 PRAEFATIO
1770 130 1903 165 XXXV

156 235 290 277 fuisse
329 233 486 292 (editas
526 235 579 277 ab
619 235 853 277 EDVARDO
888 233 1080 279 SIEVERS
1120 239 1162 278 et
1193 236 1314 278 ELIA
1347 236 1653 279 STEINMEYER
1692 238 1794 279 ‘Die
1829 240 1906 280 alt-

158 307 311 350 hochd.
345 307 528 359 Glossen
560 306 641 348 vol.
670 306 687 347 I
720 322 758 361 p.
785 308 805 349 1
828 305 941 361 sqq.)
974 306 1100 349 facile
1134 309 1423 351 demonstrari
1461 312 1618 364 potest.

277 378 341 420 De
375 378 519 420 codice
552 377 794 420 Leidensi
828 379 881 420 67
904 378 941 419 E
977 378 1028 420 cf.
1056 394 1164 433 quae
1198 380 1279 421 vol.
1302 380 1363 422 IV
1390 380 1522 435 praef.
1550 396 1589 435 p.
1610 380 1649 422 X
1682 381 1906 436 disputata

157 453 268 492 sunt.
317 450 400 500 Qui
433 450 543 492 liber
577 465 838 505 quamquam
871 449 1089 492 artissime
1122 452 1325 493 cohaeret
1352 467 1449 494 cum
1475 452 1621 494 codice
1642 452 1904 495 Vaticano

157 522 286 578 3321,
318 524 464 563 tamen
497 522 630 563 etiam
663 536 740 563 sua
773 522 983 576 quaedam
1009 525 1053 563 et
1085 510 1320 577 peculiaria
1351 523 1494 566 habet.
1541 524 1694 579 Itaque
1729 523 1904 566 omnino

157 593 326 648 glossas
366 593 567 634 meliores
607 593 802 648 excerpsi
840 596 883 635 et
922 596 1210 649 congruentes
1251 609 1346 636 cum
1388 595 1483 637 aliis
1519 596 1743 652 glossariis
1778 599 1821 638 et
1862 597 1907 637 in

155 664 239 706 hoc
271 665 384 706 libro
418 665 511 706 solo
545 666 778 706 exstantes.
843 665 1110 721 Apographo
1144 680 1247 707 usus
1281 680 1376 707 sum
1408 665 1597 708 Lomvn.

275 735 452 777 Glossas
496 735 654 777 Nonii
698 751 749 777 ex
792 736 937 778 codice
978 735 1219 778 Leidensi
1253 737 1307 779 67
1330 737 1363 778 F
1399 737 1528 793 edidi,
1571 739 1621 779 de
1665 754 1748 793 quo
1793 739 1905 780 libro

155 808 398 850 accuratius
445 807 515 863 egi
559 807 693 862 praef.
725 808 807 849 vol.
837 807 899 848 IV
938 823 977 862 p.
1003 807 1119 848 XIX.
1181 807 1246 849 De
1297 808 1403 862 ipsis
1455 809 1614 864 glossis
1665 809 1906 864 disputavit

154 878 388 921 LVCIANVS
410 878 642 920 MVELLER
674 879 903 920 Adversar.
926 878 1035 920 Non.
1063 895 1102 933 p.
1126 880 1211 921 270
1232 893 1324 934 sqq.
1375 879 1555 921 Praeter
1583 881 1774 923 codicem
1796 880 1907 923 Lei-

154 951 358 992 densem
398 950 799 992 commemorandus
836 955 903 992 est
942 951 1031 993 cod.
1065 950 1393 993 Monacensis
1434 953 1507 994 lat.
1540 953 1687 994 4719121
1726 952 1904 1010 (Bened.

155 1020 292 1079 219112)
325 1021 487 1063 saeculi
514 1021 728 1077 VHIJIX,
762 1022 835 1076 qui
868 1022 913 1063 in
946 1022 1161 1077 glossario
1190 1037 1239 1063 ex
1266 1023 1398 1064 variis
1430 1023 1555 1064 libris
1584 1024 1766 1066 collecto
1794 1024 1908 1080 glos-

154 1109 300 1136 sarum
346 1094 577 1135 earundem
622 1096 793 1148 partem
838 1093 1027 1135 exhibet.
1091 1093 1154 1135 Cf.
1200 1109 1308 1149 quae
1353 1095 1403 1136 de
1447 1094 1530 1136 hoc
1582 1095 1727 1137 codice
1772 1096 1906 1151 praef.

154 1166 236 1207 vol.
263 1165 325 1207 IV
357 1181 398 1220 p.
425 1164 530 1206 XIII
564 1164 723 1207 monui.
788 1165 953 1207 Ibidem
994 1165 1126 1206 etiam
1159 1166 1208 1207 de
1248 1166 1495 1222 fragmento
1529 1167 1907 1222 Tegernseensi

154 1237 309 1279 similis
351 1236 510 1279 indolis
543 1237 692 1291 paucis
727 1237 808 1293 egi.
859 1237 1001 1278 Vnam
1035 1237 1190 1278 seriem
1218 1253 1269 1279 ex
1302 1238 1555 1294 apographo
1584 1238 1762 1281 LOEWH
1794 1243 1908 1281 tran-

154 1309 297 1351 scribo
343 1308 415 1364 (ex
455 1309 544 1350 cod.
578 1307 1006 1365 Tegernseensi):
1058 1309 1261 1352 Decalare
1304 1311 1514 1364 deponere,
1559 1310 1780 1365 Deyclasse
1820 1312 1909 1365 yole

153 1382 317 1436 dedisse,
350 1380 563 1422 Delectare
593 1381 769 1423 inlicere>
802 1380 950 1422 Delica
982 1381 1170 1435 explana,
1203 1381 1419 1423 Deaorme
1450 1382 1677 1436 absumere,
1709 1382 1909 1424 Debiliter

152 1452 364 1506 debilitate,
397 1451 597 1505 Demagyis
625 1452 746 1494 ualde
771 1453 916 1506 mayis,
949 1451 1039 1494 Dm
1068 1467 1148 1506 pro
1174 1454 1251 1508 die,
1282 1452 1482 1507 Deleyare
1507 1454 1731 1508 dispertire,
1763 1453 1908 1496 Disco-

152 1523 317 1565 binatus
347 1523 527 1576 desectis,
558 1523 788 1565 Desuhlare
813 1525 1072 1578 periander-e,
1107 1524 1296 1566 Decidiici
1328 1526 1507 1579 occidua,
1540 1525 1705 1567 Delicia
1735 1540 1907 1568 numero

151 1595 376 1649 siiigyulari,
409 1595 640 1637 Detmssbare
671 1596 836 1649 deicere,
870 1595 1140 1650 Deintcyrarc
1178 1597 1427 1651 deminuere,
1460 1596 1677 1650 Depexum
1709 1598 1905 1639 dilacera-

152 1670 249 1708 tum.
307 1667 372 1708 Ex
413 1682 496 1722 qua
536 1667 644 1708 serie
684 1670 865 1722 apparet
902 1682 990 1709 non
1039 1682 1188 1709 omnes
1234 1668 1404 1724 glossas
1448 1667 1673 1711 Nonianas
1714 1684 1807 1711 esse
1846 1684 1908 1710 re-

153 1741 312 1794 ceptas.
365 1741 488 1781 Certe
528 1754 603 1781 cur
642 1739 871 1794 apparatui
912 1739 1109 1781 codicum
1142 1739 1527 1782 Monacensium
1569 1741 1905 1796 discrepantiam

153 1811 355 1852 adderem
386 1825 473 1852 non
506 1811 662 1852 inveni.

273 1881 452 1924 Glossas
484 1882 750 1925 Iuvenalis
783 1898 833 1924 ex
860 1882 1048 1924 editione
1075 1882 1279 1925 HENRICI
1300 1883 1457 1925 KEILII
1491 1882 1557 1940 (in
1577 1883 1666 1925 Ind.
1686 1884 1783 1925 lect.
1805 1883 1904 1925 Hal.

153 1969 187 1996 a.
211 1954 344 2010 1876)
371 1953 639 2008 transcripsi.
685 1952 925 1995 Fluxerunt
957 1969 1008 1996 ex
1029 1954 1173 1996 codice
1194 1953 1432 1996 Parisino
1458 1956 1571 1997 7730
1598 1958 1709 1997 teste
1730 1955 1904 1998 KEILIO

153 2026 326 2067 saeculo
372 2025 537 2067 decimo
584 2025 761 2080 scripto.
825 2024 1027 2067 Ceterum
1068 2026 1201 2067 etiam
1243 2026 1347 2068 alibi
1393 2029 1566 2068 exstant
1610 2027 1781 2083 glossae
1827 2027 1908 2068 Iu-

151 2097 371 2152 venalis,
404 2096 524 2139 velut
561 2097 606 2138 in
645 2097 790 2139 codice
829 2097 1260 2140 Harleian0·3826
1301 2098 1464 2140 saeculi
1497 2098 1535 2140 X
1574 2099 1620 2140 in
1651 2098 1769 2140 foliis
1805 2099 1906 2141 150ΙΓ

153 2170 327 2216 ‚—167¹¹
359 2171 403 2210 et
434 2169 478 2209 in
518 2168 662 2210 codice
695 2168 944 2211 Vaticano
983 2168 1215 2225 Reginae
1250 2167 1551 2211 Christinae
1588 2170 1701 2212 1392
1742 2170 1903 2212 saeculi

152 2240 259 2282 XIII
292 2240 339 2281 in
370 2240 487 2282 foliis
524 2241 606 2282 138
641 2243 684 2282 et
721 2241 814 2283 139.
880 2240 962 2282 Sed
997 2255 1105 2296 quae
1139 2256 1189 2282 ex
1221 2241 1308 2282 illis
1349 2240 1473 2282 libris
1506 2241 1773 2296 transcripta
1804 2241 1903 2296 vidi,

151 2327 238 2353 non
275 2310 383 2353 talia
420 2311 614 2368 fuerunt,
652 2315 701 2353 ut
733 2311 849 2367 typis
883 2312 1162 2367 exprimenda
1193 2328 1287 2354 esse
1326 2313 1434 2354 mihi
1472 2313 1787 2367 persuaderem.
1838 2312 1902 2355 De

151 2383 221 2425 his
256 2383 481 2439 glossariis
516 2383 600 2425 alio
633 2384 730 2426 loco
763 2384 913 2438 paucis
945 2384 1156 2426 tractabo.
1792 2390 1797 2394 '

273 2454 416 2497 Codex
441 2454 709 2497 Leidensis
734 2455 1017 2497 Vossianus
1049 2456 1124 2498 lat.
1157 2456 1202 2497 in
1229 2458 1312 2498 oct.
1334 2456 1388 2499 88
1418 2454 1487 2505 (cf.
1514 2455 1734 2499 LOEWIVS
1757 2457 1904 2498 Prodr.

151 2542 190 2582 p.
217 2528 311 2582 162,
345 2526 539 2569 CONRAT
573 2526 655 2568 edie
682 2527 799 2582 Epit.
828 2528 877 2569 de
904 2528 1067 2569 exactis
1096 2527 1288 2584 regibus'
1321 2543 1361 2583 p.
1390 2525 1634 2582 GCOXXV,
1666 2527 1903 2570 LVCIANVS

151 2598 441 2641 MVELLERVS
476 2598 585 2640 Mus.
613 2597 748 2642 Rhen.
781 2599 863 2641 vol.
885 2599 1009 2640 XXII
1036 2615 1076 2654 p.
1098 2600 1168 2655 96,
1199 2598 1309 2641 Nov.
1344 2600 1484 2641 annal.
1518 2614 1552 2641 a.
1578 2600 1690 2642 1866
1723 2616 1763 2655 p.
1785 2597 1903 2657 397),

153 2669 258 2711 olim
289 2668 435 2711 PETR1
468 2669 716 2726 DANIELIS,
746 2673 848 2725 post
880 2670 1073 2713 PETAVII
1106 2669 1200 2728 (qui
1232 2671 1278 2712 in
1308 2671 1449 2726 primo
1481 2671 1586 2713 folio
1621 2671 1817 2726 scripsit:
1858 2672 1904 2713 m

150 2741 222 2783 hoc
254 2741 384 2783 libello
415 2745 512 2783 sunt
538 2742 669 2795 ylcsse
700 2743 961 2795 quorundam
990 2742 1196 2785 Ciceronis
1229 2742 1459 2798 librorum),
1492 2745 1665 2797 praeter
1691 2742 1777 2783 alia
1804 2757 1901 2784 con-

153 2811 264 2853 tinet
285 2811 547 2867 glossarium
567 2827 698 2854 manu
725 2813 886 2855 saeculi
914 2814 1068 2856 decimi
1096 2813 1320 2870 scriptum,
1346 2815 1396 2855 de
1425 2829 1509 2868 quo
1538 2814 1607 2869 egi
1628 2812 1738 2855 Nov.
1760 2814 1903 2856 annal.

152 2883 236 2924 vol.
259 2883 343 2925 143
377 2898 411 2924 a.
443 2883 552 2925 1891
587 2899 626 2938 p.
653 2885 739 2925 429
762 2899 854 2939 sqq.
910 2884 1098 2926 Easdem
1132 2886 1319 2940 glossas,
1353 2899 1458 2940 quas
1492 2884 1553 2925 ibi
1589 2885 1788 2940 tractavi,
1818 2885 1902 2927 1100

152 2954 248 2996 1000
287 2954 445 2995 iterum
485 2955 597 2996 edidi
636 2958 785 2997 auctas
825 2959 869 2998 et
908 2957 1066 3012 glossis
1105 2956 1149 2998 in
1190 2956 1333 2998 codice
1364 2956 1617 3010 praemissis
1651 2959 1695 2997 et
1733 2957 1901 3011 aliquot

154 3025 313 3081 glossis
348 3025 595 3068 submissis:
628 3028 817 3082 reliquas
851 3028 1000 3070 abieci.
1058 3027 1356 3083 Apographon
1388 3027 1434 3068 in
1465 3027 1546 3068 hac
1578 3027 1685 3069 urbe
1725 3028 1902 3069 confeci.

156 3095 332 3138 Glossas
352 3112 392 3152 p.
408 3097 505 3152 659,
523 3098 578 3139 24
597 3101 641 3140 et
661 3099 730 3150 25,
752 3099 908 3155 quibus
931 3099 1033 3140 olim
1054 3098 1353 3154 interrogandi
1375 3098 1546 3154 signum
1574 3099 1900 3154 adscripserani,

1569 3168 1614 3204 Cri<
