2175 3428
594 141 852 178 EXCERPTA
878 141 944 176 EX
968 141 1112 178 LIBRO
1140 141 1432 178 GLOSSARVM

135 251 314 294 Fribola
345 266 452 294 uasa
484 251 639 293 fictilia

135 322 361 365 Fribolum
398 326 571 379 turpem
610 326 686 366 aut
724 337 885 366 uanum
923 323 993 365 uel

197 410 384 438 uacuum

135 467 318 510 Fricdor
343 467 483 523 frigus
516 467 726 524 frigidum
759 464 880 523 (Cic.)

136 539 334 595 Frigoris
367 539 451 580 duo
485 553 644 595 genera
675 541 776 580 sunt
808 538 994 580 alterum

196 611 311 666 quod
366 610 560 667 fugimus
610 610 754 652 hieme
809 608 995 651 alterum

196 683 312 738 quod
343 685 570 737 captamus

99 765 115 790 5
134 754 381 796 Frondatur
413 755 618 809 pomatur
652 751 794 809 (Isid.)

133 825 167 867 F
170 825 380 868 rondatur
411 827 626 880 purgatur
659 823 800 881 (Isia-L)

134 897 380 939 Frondatur
411 896 624 939 fusicatur
657 893 800 953 (Isia.)

133 968 341 1011 Frontem
362 971 608 1024 caperatam
629 971 705 1010 aut
725 966 899 1009 tristem
920 970 994 1009 aut

195 1038 525 1097 superciliosul)
561 1055 609 1083 ac
642 1039 856 1082 minacem

132 1112 294 1155 Fructa
326 1112 385 1154 sit
417 1127 496 1167 pro
528 1111 648 1154 fruta
681 1112 739 1154 sit
771 1111 928 1166 adepta

85 1197 115 1222 10
134 1184 375 1226 Fructurus
407 1184 619 1226 fruiturus

133 1256 270 1312 Frugi
302 1256 423 1311 parci
453 1256 639 1298 donatus
667 1254 992 1311 cartaginenses

194 1328 452 1370 accumbent
503 1330 552 1385 ut
601 1327 814 1369 luxuriosi
871 1325 991 1368 italis

192 1401 321 1442 edent
353 1403 402 1442 ut
433 1399 575 1456 frugie
608 1398 746 1441 fortes

134 1472 394 1515 Frundescit
425 1470 605 1513 uirescit

130 1543 313 1586 Frustra
368 1543 570 1586 frustella
625 1543 695 1586 uel
749 1542 990 1598 particulas

193 1615 387 1658 modicas

134 1687 394 1730 Frustantes
451 1687 726 1730 adnullantes
778 1687 847 1729 uel
899 1701 994 1729 eua-

191 1762 370 1802 cuantes

77 1843 110 1869 15
130 1831 341 1874 Frustum
383 1834 588 1874 uocatum
633 1831 748 1886 quod
795 1830 993 1886 capiatur

188 1903 375 1945 frumine
397 1906 464 1945 est
484 1903 599 1945 enim
624 1903 800 1946 frumen
822 1918 993 1945 summa

187 1989 290 2030 pars
325 1974 439 2017 ouile

129 2047 399 2090 Fruscellam
430 2047 661 2090 floccolum

129 2118 244 2161 Fuat
276 2119 359 2160 erit
392 2117 517 2176 (Cic.)

129 2190 271 2233 Fucos
309 2191 626 2234 uermiculosus
671 2191 784 2233 unde
831 2191 991 2233 uermis

166 2251 421 2319 ⁴tinguntur
460 2262 582 2321 (Cic.)

128 2333 303 2390 Fugeus
342 2337 386 2377 et
423 2335 591 2391 sagaris
630 2335 808 2378 nomina
846 2350 990 2378 seruo-

188 2421 285 2448 rum
317 2404 479 2464 (Vdry.)

1800 139 1887 181 203

1032 251 1222 308 Fuginat
1264 250 1476 294 adolando
1521 250 1688 306 inpedit
1731 250 1891 292 laudan
1910 262 1944 287 20

1092 324 1253 379 decipit

1032 395 1065 436 F
1070 395 1240 450 ugitare
1272 394 1414 451 fugire

1032 465 1184 509 Fulica
1222 481 1357 523 genus
1398 467 1565 509 auicule
1603 466 1727 521 nigre
1761 479 1891 520 quam

1092 539 1211 594 greci
1255 537 1459 580 herodius
1503 540 1663 580 uocant
1715 537 1890 592 quidam

1092 625 1169 665 per
1199 610 1229 652 h
1260 610 1416 652 haeam
1449 610 1646 652 scribunt

1032 681 1185 724 Fulica
1223 682 1316 724 auis
1351 680 1598 737 stagnensis
1634 681 1798 722 habens
1830 680 1892 721 ni-

1093 753 1195 794 dum
1227 753 1273 794 in
1304 753 1442 808 petris
1474 753 1520 793 in
1552 752 1693 794 medio
1727 766 1836 806 aque

1031 825 1215 867 Fulmen
1264 823 1568 867 fulcimentum
1613 823 1777 867 editum
1833 823 1892 865 ia-

1092 896 1177 939 culi

1032 968 1311 1010 Fulmentum
1332 967 1642 1010 adminiculum
1668 967 1890 1010 fulcimen·
1911 979 1944 1003 25

1092 1043 1187 1082 tum

1032 1112 1241 1154 Fuluidus
1272 1111 1516 1168 impetosus

1029 1183 1292 1226 Fumantem
1331 1184 1384 1226 ad
1427 1183 1759 1226 similitudinem
1801 1199 1890 1225 sur—

1091 1259 1267 1312 gentem
1317 1303 1320 1304 ⁷

1030 1328 1217 1370 Fumata
1248 1328 1367 1370 fumo
1401 1327 1528 1382 plena

1029 1400 1239 1442 Fumidus
1271 1400 1426 1456 igneus

1030 1471 1214 1514 Funalia
1245 1471 1428 1528 lignalia
1911 1482 1945 1506 30

1030 1542 1214 1586 Funalia
1244 1543 1291 1585 in
1329 1544 1505 1586 modum
1543 1545 1757 1587 funalium
1796 1561 1891 1588 can-

1091 1616 1185 1658 dele
1217 1616 1382 1658 intorte

1030 1688 1215 1731 Funalia
1242 1688 1418 1731 candele
1445 1689 1490 1730 in
1516 1690 1693 1732 modum
1720 1690 1889 1733 funium

1091 1761 1254 1803 intorte

1031 1832 1182 1874 Funda
1214 1831 1490 1875 fundibalum

1029 1904 1061 1946 F
1066 1904 1297 1946 undibalus
1331 1906 1456 1960 quasi
1487 1905 1621 1948 funda
1654 1907 1859 1950 emittens

1029 1976 1289 2019 Funiculum

1092 2046 1251 2104 (γίνῃ.)

1030 2120 1305 2176 Fungeretur
1322 2121 1569 2177 exemplum
1585 2123 1728 2177 operis
1749 2123 1890 2166 facere

1092 2194 1412 2235 monstraretur
1455 2193 1657 2250 uirgilius
1704 2210 1888 2238 summo-

1091 2279 1174 2320 que
1213 2264 1374 2320 adtigit
1407 2279 1479 2307 ore
1512 2269 1562 2307 ut
1599 2266 1791 2309 uiuentis
1827 2267 1890 2309 fu-

1088 2339 1266 2378 neretur
1302 2336 1458 2379 officiis

1029 2408 1269 2451 Functuria
1301 2409 1556 2451 transitoria
1589 2408 1730 2466 (Ise'dg)

1365 1977 1561 2020 cubitum
1641 1994 1889 2021 mensuram
1911 1985 1945 2010 35

225 2572 260 2616 1)
293 2572 356 2607 alt.
383 2583 408 2606 u
433 2572 639 2608 semideleta
663 2573 779 2618 fungo
804 2577 889 2609 ante
915 2574 1090 2610 lacunam
1115 2577 1139 2610 2
1165 2575 1234 2610 litt.
1262 2577 1274 2619 ΙΙ

228 2719 258 2750 1.
298 2714 450 2750 Friuola
482 2727 526 2751 ex
557 2715 711 2751 Fribola
742 2727 831 2752 corr.
877 2718 888 2761 [1
920 2712 964 2752 ί).
997 2716 1190 2752 Friuolum
1217 2730 1261 2753 ex
1285 2717 1479 2753 Fribolum
1505 2730 1598 2754 corr.
1641 2720 1652 2763 ΙΙ
1697 2722 1727 2753 3.
1765 2719 1808 2753 de
1836 2718 1886 2764 gl.

131 2775 205 2810 cod.
238 2775 250 2818 ΙΙ
283 2778 313 2809 8.
342 2774 625 2820 superciliosam
656 2776 668 2820 11
700 2779 732 2811 9.
758 2787 825 2820 pro
851 2776 969 2811 fruita
991 2779 996 2821 1
1019 2777 1159 2822 adepta
1186 2776 1236 2812 sit
1264 2780 1275 2823 ss
1309 2781 1363 2813 11.
1398 2778 1680 2824 cartaginenses
1707 2789 1750 2812 ew
1777 2777 1888 2812 carti-

131 2844 314 2879 genenses
340 2845 430 2870 corr.
468 2836 480 2879 ll
519 2838 574 2870 12.
602 2834 822 2870 Frondescit
847 2847 891 2871 ex
916 2835 1139 2871 Frundescit
1164 2848 1255 2872 corr.
1293 2839 1305 2881 ΙΙ
1344 2841 1398 2872 15.
1426 2837 1603 2872 Fructum
1632 2838 1636 2882 Ι
1665 2835 1766 2871 uuile
1793 2849 1838 2872 m.
1854 2840 1887 2882 1,

130 2891 219 2938 gule
245 2904 289 2928 m.
313 2896 335 2928 6
360 2897 402 2928 ut
428 2894 500 2929 vid.
524 2896 529 2936 1
551 2893 635 2929 isid.
662 2895 739 2929 cod.
759 2895 771 2939 ΙΙ
795 2898 847 2930 16.
874 2895 1103 2932 Fluscellum
1126 2898 1130 2941 1
1154 2895 1238 2931 isid.
1265 2897 1342 2932 cod.
1363 2898 1374 2941 ΙΙ
1397 2899 1450 2931 17.
1480 2897 1524 2931 de
1550 2896 1600 2941 gl.
1628 2897 1704 2932 cod.
1725 2897 1736 2940 ΙΙ
1758 2899 1812 2932 18.
1841 2896 1886 2931 de

131 2951 181 2997 gl.
209 2952 284 2987 cod.
316 2953 328 2996 ΙΙ
360 2955 416 2987 20.
444 2951 635 2987 adulando
662 2965 707 2988 ex
733 2953 921 2990 adolando
947 2968 1038 2992 corr.
1075 2961 1079 3000 Ι
1114 2955 1306 2990 laudando
1333 2955 1476 3001 decipit
1512 2958 1522 3001 [Ι
1560 2959 1616 2991 21.
1645 2954 1767 3001 fugire
1792 2960 1886 2996 m.1.

133 3010 261 3056 fugere
288 3014 370 3046 m.4
396 3013 408 3056 ss
440 3015 495 3046 22.
522 3011 697 3047 herodios
723 3025 767 3048 ex
793 3014 939 3050 erodios
965 3028 1057 3052 corr.
1091 3019 1095 3059 Ι
1132 3017 1321 3060 eam1123.
1349 3015 1564 3061 stagnensis
1591 3027 1635 3051 em
1659 3015 1888 3062 istagnensis

134 3081 224 3106 corr.
262 3073 273 3116 ΙΙ
311 3074 367 3107 32.
394 3070 533 3106 intorte
558 3070 598 3106 in
623 3071 775 3107 modum
801 3073 988 3110 funalium
1025 3077 1036 3120 ΙΙ
1075 3079 1133 3110 33.
1161 3074 1400 3110 fundibulum
1427 3087 1470 3110 ex
1496 3074 1735 3110 fundibalum
1760 3087 1851 3112 corr.
1878 3077 1879 3108 ἓ

135 3132 190 3165 35.
216 3140 392 3165 mensura
419 3131 431 3175 ΙΙ
