2216 3402
112 1726 145 1750 10

162 98 218 140 38

222 208 350 250 ellam
389 210 432 249 et
463 207 688 249 mulierem
726 205 912 247 uelimus
944 220 1016 247 no-
1060 200 1063 204 ’

222 282 326 321 tare.

163 350 366 392 Pronuba
405 353 471 392 031
510 365 618 404 quae
657 349 806 403 nuptis
845 352 1017 403 praeest

180 440 182 442 ’
224 437 416 477 quaeque
449 422 682 463 nubentem
714 420 809 462 uiro
843 421 1016 463 coniun-

222 494 288 550 git
327 494 441 548 quod
481 492 673 534 officium
721 492 772 533 ad
812 492 1016 534 iunonem

223 565 412 619 pertinet
444 565 566 605 deam
600 564 930 606 coniunctionis.

163 637 324 678 Procos
356 635 399 677 id
434 639 501 677 est
532 636 766 691 pronubos.

165 707 372 749 Puluinus
406 710 449 749 et
475 707 644 762 puluini
671 722 827 764 genere
854 722 1017 750 mascu-

222 779 311 820 lino
344 781 499 821 neutro
532 779 734 834 puluinar
760 779 1016 834 puluinaria.

224 851 297 892 sed
347 850 553 905 puluinus
610 851 772 905 priuati
828 850 1016 892 nominis

225 923 409 965 ceruical
442 923 512 964 uel
546 922 755 965 culcitral.

164 994 373 1036 Puluinar
410 1009 514 1036 uero
555 1009 579 1036 a
617 994 864 1050 puluinaria
905 994 1018 1049 prin-

225 1066 369 1121 cipum
420 1068 521 1107 sunt
572 1066 641 1107 uel
698 1080 850 1122 regum
906 1066 1019 1107 idest

223 1137 503 1179 lectisternia.

164 1209 355 1251 Plexeris
389 1209 667 1264 persuaseris.

164 1280 394 1322 Pelliciens
426 1281 691 1335 persuadens
724 1280 893 1322 dicitur.

164 1352 311 1393 Pellex
345 1352 596 1395 concubina.

164 1422 488 1466 Perduelliones
522 1425 780 1466 rebelliones
807 1439 883 1478 per
911 1438 1019 1478 quos

225 1495 340 1537 bella
392 1497 593 1538 oriuntur
649 1496 841 1538 duellum
905 1495 1020 1537 enim

224 1567 384 1609 dicitur
417 1568 540 1624 quasi
574 1568 757 1609 duorum
790 1567 964 1611 bellum.

164 1638 405 1681 Protellata
437 1639 649 1681 dillatata.

164 1710 467 1753 Prolictabimi
488 1711 646 1753 dicitur
666 1714 709 1753 et
729 1711 868 1753 multa
889 1711 1019 1766 signi-

223 1783 326 1824 ficat
345 1798 446 1825 nam
472 1783 633 1838 proligi
662 1785 729 1824 est
749 1783 1017 1838 persuadere.

164 1853 355 1896 Puberes
389 1855 567 1897 iuuenes
601 1854 750 1896 adulti.

167 1925 433 1968 posthumus
467 1926 626 1968 dicitur
658 1941 764 1980 puer
803 1925 877 1980 qui
909 1940 1020 1967 mor-

226 1999 300 2038 tuo
339 2000 463 2052 patre
508 1998 703 2040 nascitur
749 1997 874 2052 quasi
918 1999 1020 2052 post

224 2068 406 2110 humum
444 2068 582 2124 patris
622 2069 664 2110 id
703 2072 769 2111 est
813 2072 914 2124 post
960 2083 1020 2110 se-

225 2140 458 2194 pulturam.

167 2211 309 2253 Pubes
349 2212 475 2254 modo
515 2211 719 2254 iuuentus
753 2213 880 2255 modo
919 2227 1019 2268 pars

227 2284 420 2337 corporis
489 2284 676 2325 uerenda
740 2284 809 2325 1101
872 2284 1019 2339 potius

227 2354 416 2395 oriendo.

168 2425 502 2481 Promulgatum
541 2429 608 2468 est
645 2427 761 2468 foras
801 2427 1020 2481 prolatum

227 2497 296 2538 uel
338 2497 627 2540 constitutum
666 2501 714 2539 ut
752 2499 821 2539 lex
863 2498 1022 2540 dicitur

226 2569 514 2624 promulgata.
536 2569 861 2625 promulgatum
876 2573 1022 2611 autem

265 2785 294 2816 1.
322 2780 464 2815 nubent
479 2809 486 2816 .
504 2810 510 2816 .
528 2810 533 2816 .
552 2810 557 2816 .

608 96 841 132 PLACIDVS
868 95 1122 131 LIBRORVM
1147 95 1463 132 ROMANORVM

1113 205 1159 248 in
1204 206 1397 248 omnium
1441 205 1642 247 nuntiam
1687 208 1730 247 et
1771 205 1907 247 totius

1113 278 1238 334 uulgi
1268 277 1532 319 intimatum.

1054 349 1267 391 Pellacias
1309 363 1389 404 pro
1416 348 1661 411 ,blandicias
1699 348 1907 403 decipien-
1930 365 1963 391 15

1113 421 1183 463 tis.

1056 492 1152 535 Pila
1197 493 1234 535 si
1279 492 1424 534 breuis
1465 508 1526 547 .p.
1567 492 1723 533 sillaba
1768 492 1909 534 omnis

1115 564 1361 610 rotunditas
1406 564 1476 605 uel
1527 563 1576 605 de
1628 563 1749 619 ligno
1794 563 1911 606 facta

1117 651 1202 691 qua
1234 636 1357 691 pueri
1390 636 1435 677 in
1475 634 1618 677 triuiis
1657 635 1821 678 ludant.
1874 636 1911 677 si

1117 742 1124 749 .
1135 724 1178 762 p.
1211 708 1343 764 longa
1381 710 1447 749 est
1479 707 1558 762 pili
1591 706 1793 749 dicuntur
1825 707 1913 750 tela

1117 779 1299 835 grandia
1337 779 1383 820 in
1419 779 1535 820 bello
1568 778 1812 820 necessaria
1843 792 1912 834 ge-

1116 851 1231 893 neris
1253 850 1397 892 neutri
1418 853 1466 892 ut
1486 851 1569 891 hoc
1588 850 1726 905 pilum
1742 853 1786 891 et
1805 850 1913 892 haec

1116 922 1205 977 pila
1238 923 1343 964 item
1375 922 1510 977 pilam
1537 922 1721 964 dicimus
1756 936 1911 977 genere

1115 994 1324 1036 feminino
1351 994 1459 1035 haec
1490 993 1581 1048 pila
1613 993 1913 1035 substentacu-

1116 1066 1207 1108 lum
1229 1067 1381 1108 domus
1403 1067 1447 1107 et
1467 1064 1699 1107 cuiuslibet
1716 1064 1912 1107 aedificii.

1056 1137 1275 1180 Palericae
1322 1139 1423 1179 sunt
1465 1137 1553 1178 tela
1597 1137 1764 1179 maiora
1814 1136 1913 1192 pilis

1116 1209 1231 1251 bello
1263 1209 1518 1251 necessaria.

1057 1280 1317 1323 Pensomeni
1362 1280 1564 1322 dicuntur
1607 1280 1784 1322 fallaces
1840 1280 1913 1335 qui

1118 1368 1210 1394 rem
1261 1352 1451 1408 aliquam
1501 1352 1797 1394 mentionibus
1848 1367 1914 1394 co-

1117 1427 1276 1467 nantur
1315 1424 1511 1466 adserere
1550 1427 1598 1465 ut
1636 1424 1823 1466 diximus
1863 1425 1914 1466 de

1118 1495 1392 1551 philosophis
1440 1496 1513 1550 qui
1560 1496 1710 1537 dicunt
1761 1495 1913 1538 sidico-

1119 1566 1323 1609 menta1·ii
1343 1570 1386 1609 et
1406 1567 1617 1609 mentitur
1637 1582 1789 1609 uerum
1806 1567 1912 1610 dico.

1059 1638 1223 1694 Pegma
1262 1641 1329 1680 est
1368 1653 1504 1693 genus
1544 1639 1827 1681 machimenti
1865 1642 1915 1681 ut

1118 1710 1303 1752 theatris
1337 1710 1531 1752 exhiberi
1560 1711 1681 1752 soliti
1709 1726 1793 1766 quo
1822 1713 1913 1752 arte

1119 1781 1371 1824 machanica
1404 1782 1561 1824 scenici
1594 1782 1750 1824 ludunt
1779 1783 1913 1824 uariis

1119 1854 1271 1895 modis.

1058 1925 1228 1966 Pseudo
1268 1925 1402 1967 tirum
1442 1926 1679 1981 posticium
1711 1925 1823 1968 idest
1855 1927 1914 1968 la-

1117 1999 1213 2038 tens
1247 1997 1410 2039 ostium
1449 1998 1561 2052 quod
1597 1999 1814 2039 semotum
1847 2001 1914 2040 est

1120 2084 1144 2110 a
1175 2069 1362 2123 publico.

1059 2140 1240 2182 Pinaces
1291 2140 1493 2183 dicuntur
1543 2140 1755 2195 imagines
1806 2141 1914 2183 mire

1119 2211 1313 2267 depictae
1328 2212 1441 2253 idest
1456 2212 1630 2254 tabulae
1646 2227 1912 2254 marmoreae

1119 2284 1319 2338 aequales
1371 2284 1477 2325 item
1521 2298 1704 2338 penaces
1754 2298 1914 2339 genera

1118 2370 1324 2398 uasorum
1356 2358 1468 2397 sunt.

1059 2427 1234 2470 Phisica
1255 2441 1458 2483 graecum
1474 2430 1540 2468 est
1554 2427 1596 2468 id
1612 2429 1677 2468 est
1697 2427 1915 2469 naturalia

1118 2499 1256 2554 phisis
1290 2498 1403 2540 enim
1436 2513 1589 2554 graece
1621 2501 1778 2540 natura
1813 2497 1914 2541 dici-

1118 2573 1189 2612 tur
1221 2585 1376 2613 rerum.

591 2792 610 2816 0
640 2782 650 2825 ΙΙ
682 2785 713 2816 4.
741 2780 966 2827 principium
993 2783 1050 2815 031
1075 2781 1135 2816 uel
1163 2783 1182 2816 b
1214 2783 1227 2827 ΙΙ
1259 2785 1290 2817 5,
1317 2780 1481 2816 Plexeris
1509 2782 1554 2817 b¹.
1592 2781 1794 2817 Pcllexeris
1821 2793 1911 2818 corr.

169 2841 205 2874 b²
236 2841 247 2883 ΙΙ
279 2844 310 2875 9.
338 2840 549 2875 dixstillata
575 2853 598 2875 α
623 2842 634 2886 ΙΙ
668 2844 720 2875 14.
748 2840 920 2876 nuntiam
946 2840 1013 2876 ab:
1036 2852 1106 2885 pro
1132 2853 1201 2886 quo
1222 2846 1362 2887 puncta
1387 2842 1527 2877 exhibet
1551 2854 1579 2877 c.
1620 2842 1643 2877 f.
1670 2840 1846 2876 notitiam
1872 2843 1914 2877 in

170 2910 282 2943 margy.
309 2900 347 2934 b‘*
377 2904 381 2942 Ι
409 2899 529 2935 1001113
556 2913 579 2936 α
616 2902 627 2945 H
668 2903 720 2936 16.
747 2900 816 2945 pili
842 2900 980 2935 dicitur
1005 2899 1078 2934 tela
1109 2914 1131 2935 ιι
1168 2902 1179 2945 ΙΙ
1218 2905 1272 2937 17.
1300 2900 1466 2936 Palerice
1493 2902 1541 2937 b¹.
1585 2900 1782 2937 Phalarice
1808 2902 1848 2937 b²
1872 2903 1914 2938 in

1718 2963 1758 2994 hy

169 3004 281 3038 margy.
302 2995 313 3038 ΙΙ
335 2997 387 3029 18.
416 2995 438 3029 f.
467 2996 714 3031 Pseudomeni
740 2996 776 3032 b²
802 2998 843 3032 in
869 3009 981 3043 mcwy.
1003 2996 1014 3041 ΙΙ
1044 2998 1097 3031 19.
1126 2996 1234 3031 mach
1250 3024 1352 3033 .....
1385 3009 1403 3032 c
1433 2999 1445 3042 ΙΙ
1476 3001 1532 3032 20.
1559 2996 1820 3032 Pseudotirum
1848 2997 1911 3042 (hy

170 3077 254 3111 add.
282 3088 326 3111 m.
348 3079 388 3122 2)
415 3079 434 3113 b
457 3082 461 3124 1
484 3079 650 3127 publico]
677 3066 798 3126 pue-Ob
817 3081 828 3125 ΙΙ
855 3083 909 3115 21.
937 3079 1132 3125 ymagines
1158 3092 1182 3115 α
1204 3082 1208 3125 Ι
1231 3091 1407 3116 uasarum
1433 3092 1457 3116 a
1485 3083 1496 3126 ΙΙ

1933 1942 1968 1967 20
