2216 3402
123 2432 155 2456 10

188 262 496 318 Suppellectile
537 263 694 305 dicitur
727 277 852 305 omne
884 263 1043 304 instru-

247 337 439 377 mentum
478 338 521 377 et
554 337 856 377 oruamentum
889 336 1041 377 domus

186 406 465 462 Supercietur
497 406 810 462 superiacietur
843 406 912 448 uel
945 421 1041 461 sup-

185 549 388 605 Suppetit
409 550 657 605 suppeditat
677 550 747 591 uel
769 551 943 591 constat
969 550 1038 591 uel

242 621 464 663 inbenitur
497 620 563 679 (de
589 619 664 677 91.)

184 691 447 747 Suppliciter
497 693 682 749 legimus
739 707 827 734 non
878 693 1039 748 suppli-

241 767 391 806 canter
429 765 530 819 quia
573 764 750 806 nomina
789 779 896 819 quae
941 764 987 805 in
1024 765 1038 805 i

239 836 398 878 finiunt
442 836 591 878 datiuo
644 839 822 891 accepta
869 836 1039 891 syllaba

238 910 306 950 ter
344 908 549 950 aduerbia
587 908 753 950 faciunt
790 910 840 949 ut
878 908 1039 963 suppli-

240 979 347 1021 citer
392 980 567 1036 agiliter
605 980 816 1022 uelociter
855 980 891 1021 si
933 995 1036 1022 uero

239 1052 356 1094 dicas
412 1052 514 1094 111110
571 1051 834 1107 supplicanti
890 1054 1038 1106 potest

238 1124 331 1166 fieri
377 1124 675 1179 supplicanter
718 1138 797 1179 pro
840 1124 1034 1165 aduerbii

239 1196 451 1251 qualitate
496 1198 644 1251 potest
686 1195 787 1238 huic
834 1195 1036 1251 precipiti

237 1267 471 1322 precipites
503 1267 646 1309 facere
684 1268 806 1309 iuxta
838 1267 1036 1323 regulam

237 1339 492 1394 suppliciter
542 1340 617 1381 sed
668 1338 769 1394 quia
819 1339 1036 1394 euphonia

236 1410 416 1452 offendit
447 1410 602 1452 melius
634 1410 947 1466 precipitanter
977 1411 1035 1452 (11-

236 1483 374 1525 01111110
408 1497 538 1538 quam
570 1482 886 1537 praecipienter

178 1553 423 1612 Sup1·emi¹)
475 1557 518 1596 et
563 1554 776 1609 supprimi
826 1553 940 1596 inter
991 1569 1034 1596 se

235 1626 380 1669 differt
412 1626 602 1682 supremi
635 1629 679 1668 et
713 1626 871 1668 summi
905 1626 1037 1682 signi-

235 1699 338 1740 ficat
365 1701 408 1740 et
434 1697 580 1739 ultimi
605 1695 861 1754 supprimi2)
890 1701 1035 1741 autem

237 1770 423 1812 ocultari
456 1767 600 1826 (Isia.)

178 1841 418 1897 Suspendio
464 1841 653 1897 suspicio
703 1842 773 1883 uel
819 1842 1036 1898 strangui-

177 1984 466 2040 Suspendiose
512 1985 719 2027 multauit
766 1986 920 2041 laqueo
973 2002 1034 2028 se-

243 480 429 533 ponetur

237 1913 412 1956 laticius

219 2056 364 2118 ,remit

177 2127 396 2183 Suspensa
429 2128 621 2170 sollicita

177 2198 419 2255 Suspensae
452 2200 607 2242 dubiae
641 2201 879 2257 cogitantis

177 2415 323 2457 Tabes
358 2430 508 2458 cruore
543 2417 720 2472 sanguis

175 2487 292 2528 Tabe
343 2488 496 2529 morbo
548 2488 715 2530 1113011ἱο
762 2489 1032 2544 aegritudine

710 152 944 188 PLACIDVs
973 153 1098 187 LlBRl
1127 153 1417 189 GLOSSARVM
1851 156 1931 196 101

1141 263 1371 305 tabescunt
1409 263 1523 305 enim
1563 263 1637 318 qui
1674 263 1808 305 nimio
1850 265 1936 306 lan-

1141 350 1272 391 guore
1306 335 1358 376 ad
1391 335 1605 377 machiem
1636 335 1817 376 ueniunt

1079 406 1219 448 Tabes
1254 422 1381 449 cruor
1414 406 1636 463 sanguinis

1078 478 1257 520 Talione
1290 494 1367 533 per
1398 476 1469 535 u3)
1503 479 1517 519 1
1550 478 1757 520 scribitur

1077 550 1212 592 Tedet
1244 550 1461 592 tediosum
1493 550 1561 592 uel
1595 550 1702 591 satis
1736 549 1934 591 odiosum

1077 621 1181 663 Tela
1207 621 1384 677 tiphoea
1410 621 1595 663 fulmina
1619 637 1703 676 quo
1731 621 1933 677 tiphoeus
1956 637 1988 663 15

1138 693 1323 748 gignans
1363 692 1619 735 fulminatus
1659 696 1725 735 est
1766 694 1834 734 uel
1869 708 1933 735 00-

1139 765 1252 806 010110
1285 764 1380 806 ideo
1415 764 1525 807 (lixit
1559 764 1683 820 quasi
1716 765 1909 821 gladium

1076 836 1227 878 Thelia
1259 835 1483 878 distinctio

1076 908 1286 949 Thelieon
1318 907 1556 950 foeminum

1075 979 1344 1021 Theloneum
1356 979 1625 1021 thelonarius
1637 979 1791 1021 melius
1802 995 1932 1035 quam

1135 1050 1376 1094 tolonarius

1074 1124 1260 1165 Telluris
1294 1124 1373 1165 dea
1404 1126 1544 1165 terrae

1074 1195 1260 1237 Telluris
1294 1198 1435 1237 terrae
1952 1212 1986 1236 20

1075 1267 1222 1310 Tellus
1273 1270 1390 1309 terra
1439 1266 1600 1309 dicitur
1650 1267 1780 1309 tellus
1831 1268 1933 1323 quia

1134 1339 1303 1382 fructus
1336 1338 1427 1380 eius
1461 1337 1656 1380 tollimus

1073 1412 1238 1453 Thema
1268 1425 1423 1453 norma
1450 1410 1519 1451 uel
1553 1409 1694 1452 forma
1721 1411 1812 1452 siue
1846 1426 1931 1452 1113-

1133 1484 1245 1526 teria

1073 1555 1301 1597 Temetum
1313 1555 1464 1596 uinum
1476 1554 1591 1610 quod
1604 1557 1751 1597 teneat
1764 1558 1930 1598 mentes

1135 1632 1178 1668 et
1210 1625 1343 1669 faciat
1375 1626 1566 1668 titubare

1075 1699 1328 1754 Tempestas
1362 1701 1504 1740 status
1538 1699 1618 1740 celi
1653 1698 1812 1741 dicitur

1074 1770 1401 1826 Tempestiuum
1446 1773 1710 1825 oportunum
1756 1786 1781 1812 a
1823 1773 1931 1813 tem-
1952 1785 1986 1809 25

1134 1857 1237 1897 pore
1271 1843 1435 1884 dictum

1074 1913 1215 1956 Theos
1257 1914 1361 1956 [leus
1401 1916 1467 1955 est
1509 1914 1560 1955 ad
1607 1914 1733 1956 theus
1773 1914 1932 1956 (licitur

1133 1986 1207 2041 qui
1241 1988 1360 2028 caret
1392 1985 1519 2028 deum
1553 1984 1619 2042 (de
1645 1983 1721 2042 yl.)

1071 2057 1225 2099 Thesis
1258 2057 1420 2112 positio
1457 2072 1583 2113 grece

1071 2128 1334 2172 Tetracolon
1403 2128 1766 2185 quadrimembris
1839 2144 1930 2171 sen-

1131 2201 1271 2243 tentia

1072 2272 1393 2315 Tetrametrum
1477 2276 1687 2328 quartuor
1772 2274 1929 2329 pedum

1132 2360 1282 2387 uersus

1070 2416 1331 2472 Tetraptota
1377 2419 1584 2472 quattuor
1635 2432 1812 2460 casuum
1857 2432 1927 2458 ua-
1950 2437 1984 2461 30

1131 2487 1264 2530 rictas

271 2677 305 2722 1)
332 2688 356 2711 u
380 2688 406 2712 s.
433 2688 500 2712 scr.
528 2680 608 2712 m.1
629 2678 641 2721 11
667 2678 703 2721 2)
730 2675 762 2710 ri
783 2688 853 2722 pro
880 2688 918 2712 re
945 2690 988 2712 m.
1005 2681 1025 2712 1
1046 2679 1058 2723 Η
1084 2680 1118 2723 3)
1140 2682 1224 2723 post
1250 2689 1274 2712 u
1301 2679 1437 2714 lamma
1462 2682 1561 2714 :3—:2‘
1589 2679 1656 2713 litt.
1685 2680 1696 2722 [Ι

274 2845 304 2877 1.
333 2841 573 2887 Supellectile
598 2845 610 2888 ΙΙ
636 2847 667 2879 2.
697 2843 969 2889 superlacietur
993 2847 1004 2891 ss
1037 2850 1068 2881 3.
1096 2844 1286 2880 inuenitur
1310 2846 1322 2891 ΙΙ
1342 2849 1373 2880 4.
1403 2845 1540 2881 sillaba
1562 2848 1566 2890 Ι
1590 2844 1712 2891 agitet
1734 2848 1738 2889 Ι
1762 2844 1892 2881 dicans
1921 2845 1925 2891 Ι

176 2900 363 2946 qualitate
389 2903 476 2947 post
502 2913 589 2948 ergo
615 2902 703 2937 huic
737 2906 741 2947 1
777 2903 961 2950 suppliter
994 2907 999 2951 1
1032 2904 1219 2950 eaphonia
1256 2907 1267 2948 11
1305 2908 1336 2940 5.
1365 2904 1520 2940 summis
1549 2907 1553 2950 1
1589 2903 1745 2950 suprimi
1772 2906 1777 2950 1
1806 2905 1928 2940 000111-

176 2960 250 2996 tari
275 2962 287 3006 11
312 2964 343 2997 6.
372 2960 580 3007 Suspendio
607 2962 801 3008 suspensio
824 2967 829 3008 1
851 2963 945 3011 uirg.
973 2966 1048 3001 cod.
1070 2966 1081 3010 ΙΙ
1108 2968 1139 3001 9.
1166 2964 1264 2999 dube
1293 2965 1304 3009 11
1331 2968 1386 3000 10.
1413 2975 1520 2999 011101·
1546 2965 1583 2999 et
1613 2965 1625 3009 11
1657 2968 1712 3000 11.
1738 2964 1859 3000 macie
1884 2977 1928 3001 ea:

176 3020 323 3055 machie
350 3032 441 3057 corr.
477 3022 481 3066 Ι
515 3021 697 3068 languore
723 3034 767 3059 ex
792 3023 947 3069 langore
974 3036 1064 3061 corr.
1098 3026 1101 3068 1
1136 3024 1295 3059 maciem
1320 3035 1365 3060 eoe
1389 3022 1575 3058 machiem
1602 3035 1692 3060 corr.
1725 3025 1736 3070 11
1769 3028 1823 3060 13.
1857 3025 1927 3059 Ta-

178 3080 285 3116 leone
304 3093 355 3116 ex
380 3080 535 3116 Talione
561 3092 651 3118 corr.
681 3086 685 3123 1
714 3083 753 3130 11]
781 3094 854 3118 11110
887 3086 898 3129 ΙΙ
931 3087 986 3120 15.
1013 3095 1086 3128 quo
1113 3083 1265 3129 tiphous
1322 3084 1457 3130 gigans
1481 3086 1485 3129 Ι
1517 3083 1614 3119 dixit
1637 3084 1714 3119 tela
1746 3085 1757 3129 11
1790 3088 1844 3119 16.
1873 3084 1926 3119 (11-

180 3140 311 3175 stintio
331 3144 340 3186 Ι]
363 3144 416 3176 17.
444 3140 621 3176 feminum
643 3142 655 3187 ΙΙ
675 3145 730 3178 23.
758 3143 957 3178 Temecum
976 3145 987 3189 11
1007 3147 1063 3179 26.
1091 3145 1148 3178 est
1173 3144 1306 3179 atheus
1326 3145 1338 3189 Η
1358 3147 1413 3179 29.
1441 3144 1618 3188 quattuor
1637 3145 1648 3189 11
