2216 3402
245 121 300 162 82
763 123 996 158 PLACIDVS
1022 123 1150 158 LIBRI
1176 123 1465 160 GLOSSARVM

243 231 506 274 Luculentus
539 232 688 287 lingua
716 232 856 273 clarus
884 232 1094 275 dissertus
1192 234 1326 275 tantis
1372 236 1420 274 ut
1458 233 1659 290 uirgilius
1698 234 1807 276 dixit
1847 239 1988 277 macte

302 301 368 359 (de
392 303 466 358 ql.)
1191 321 1305 347 noua
1342 305 1507 370 uirtute
1551 320 1658 360 puer
1693 305 1737 346 id
1777 309 1843 348 est
1883 307 1988 348 mul-

240 374 412 417 Lucuns
444 375 742 416 nominatibus
777 376 921 431 glosse
954 376 1095 418 imati—
1193 380 1286 418 tum
1320 379 1444 418 acute
1482 376 1565 418 1100
1597 379 1663 418 081
1695 391 1850 433 magne
1881 393 1988 433 puer

301 461 373 488 008
406 447 541 488 11101111
1193 451 1236 490 01
1269 447 1468 489 sublimis
1501 446 1569 504 (de
1596 446 1670 504 ql.)

239 516 495 559 Ludibrium
521 520 587 559 est
617 518 763 573 aliqua
788 533 856 560 res
884 533 966 573 que
992 519 1093 561 ludo
1133 519 1324 576 Magalia
1345 519 1466 574 quasi
1494 519 1690 575 magaria
1709 520 1812 574 quia
1838 535 1988 577 magei·

292 584 341 630 ⁴et
392 592 615 631 contemtu
671 590 790 631 aberi
848 590 980 646 digna
1029 594 1094 632 est
1190 591 1348 647 punica
1386 591 1536 647 lingua
1574 591 1681 632 uilla
1713 592 1872 633 dicitur
1903 592 1987 634 erit

298 661 424 702 modo
465 661 597 702 etiam
629 661 816 703 ludibria
847 677 926 716 pro
960 662 1093 704 omni·
1191 677 1294 719 ergo
1345 678 1431 705 una
1474 663 1619 705 littera
1664 666 1932 705 commutata
1972 665 1986 705 1

296 732 376 774 bus
411 732 663 774 criminibus
697 732 878 775 dicimus
1190 749 1269 789 pro
1308 750 1329 776 r
1367 735 1557 790 magalia
1599 734 1777 790 tuguria
1816 734 1876 776 ist
1920 739 1987 777 est

236 802 495 845 Ludibunda
528 804 769 846 aduliscens
1188 806 1374 848 rotunda
1418 806 1632 848 edificiola
1670 807 1715 848 in
1758 806 1984 849 furnorum

200 874 421 919 5Ludicr0
455 876 643 917 ludibrio
677 877 957 931 expectaculo
1189 878 1364 920 modum
1408 893 1544 932 parua
1589 893 1695 932 quas
1741 877 1816 920 alii
1864 893 1985 921 casas

235 945 348 988 Lues
383 947 524 989 solues
1187 953 1346 991 uocant

234 1017 374 1060 Luum
406 1020 595 1074 pestium
621 1019 701 1060 hae
729 1034 777 1060 ae
810 1019 902 1061 lues
934 1020 1089 1062 harum
1128 1020 1254 1076 Mage
1286 1020 1465 1075 ponitur
1503 1035 1581 1074 pro
1615 1021 1756 1076 magis
1790 1022 1865 1063 sed
1902 1022 1985 1064 hoc

294 1090 413 1132 luum
446 1091 539 1132 lues
567 1091 681 1132 enim
708 1090 856 1132 sordes
889 1091 1091 1133 dicuntur
1188 1092 1360 1146 poetica
1391 1092 1570 1133 licentia
1603 1107 1733 1147 quam
1764 1092 1810 1134 in
1840 1094 1983 1148 prosis

294 1162 400 1203 eluit
430 1162 530 1218 igne
563 1160 720 1219 (Vim.)
1128 1162 1430 1219 Magmentum
1475 1163 1872 1219 alipinguissimum
1916 1180 1983 1206 ex-

230 1232 399 1288 Lupam
419 1234 692 1276 meretricem
713 1249 737 1275 a
757 1234 997 1288 rapacitate
1019 1236 1088 1277 uel
1187 1238 1328 1276 terum
1355 1235 1429 1276 alii
1455 1236 1642 1277 secunda
1666 1238 1869 1290 prosecta
1894 1251 1985 1278 001-

291 1320 316 1346 0
347 1305 527 1347 libidine
558 1305 648 1347 eius
682 1305 882 1347 animalis
908 1307 1019 1349 unde
1047 1310 1089 1349 et
1184 1308 1317 1348 nutus
1351 1306 1560 1362 quidquid
1592 1309 1811 1349 mactatur
1842 1307 1887 1349 id
1912 1310 1980 1349 est

288 1377 391 1432 lupa
422 1377 614 1432 lepidula
646 1376 805 1418 festiua
1181 1378 1388 1432 quidquid
1421 1378 1639 1420 distratur

229 1448 441 1503 Lupercal
480 1448 541 1490 810
574 1448 819 1502 appellatur
856 1449 975 1491 loeus
1010 1451 1083 1491 ubi
1120 1449 1342 1504 Magnalia
1372 1450 1419 1491 in
1448 1450 1569 1492 nullo
1602 1453 1779 1492 auctore
1812 1451 1975 1506 legitur

288 1535 374 1574 pan
411 1520 514 1561 deus
553 1519 710 1562 colitur
749 1520 816 1561 cui
855 1521 1083 1563 sollemnia
1180 1521 1555 1576 quiaestuerbum
1569 1522 1699 1563 nimis
1714 1522 1980 1564 uilissimum

287 1591 452 1634 ludicra
485 1591 758 1633 celebrantur
790 1606 870 1646 que
905 1592 1082 1648 luperca
1177 1593 1262 1634 nisi
1293 1593 1407 1635 forte
1446 1593 1492 1634 111
1523 1593 1741 1648 aliquibus
1781 1594 1974 1649 antiquis

286 1667 499 1706 uocantur
1075 1653 1080 1658 ’
1119 1663 1382 1720 Magnopere
1421 1667 1487 1706 est
1526 1665 1578 1706 ad
1620 1680 1826 1721 magnum
1866 1680 1974 1720 opus

176 1756 207 1780 10
227 1734 338 1790 Lupi
372 1750 449 1778 ceu
483 1735 605 1790 quasi
637 1735 729 1790 lupi
1180 1751 1273 1778 esse
1307 1750 1569 1790 quemquam
1600 1737 1894 1779 necessarium

227 1806 387 1848 Lurida
417 1807 581 1862 pallida
613 1805 680 1863 (de
705 1805 779 1863 ql.)
1124 1805 1333 1863 Maium2)
1366 1822 1560 1849 mensem
1591 1808 1761 1850 romani
1793 1823 1818 1850 a
1849 1808 1980 1850 maiia

224 1877 394 1920 Lustris
426 1879 534 1921 locis
562 1878 722 1920 abditis
751 1878 798 1919 in
825 1878 982 1933 quibus
1008 1894 1082 1934 po·
1181 1878 1383 1920 mercurii
1424 1867 1530 1921 mat*
1549 1895 1676 1935 quam
1704 1877 1872 1936 deam-⁹²)
1904 1894 1977 1921 uo-

285 1950 405 1992 tandi
438 1950 778 2005 libidinandique
812 1949 984 2006 0011801)
1018 1965 1079 1993 80-
1180 1951 1276 1992 111111
1313 1950 1381 1991 uel
1415 1966 1440 1992 a
1471 1951 1710 1993 maioribus
1743 1951 1818 2006 qui
1849 1954 1973 1993 erant

286 2022 496 2063 cedebant
1179 2021 1396 2077 principes
1435 2022 1495 2063 rei
1537 2022 1754 2077 supplices
1795 2037 1976 2064 uocaue-

224 2092 548 2134 Lutulentussit
579 2093 845 2135 lutulentum
877 2093 1029 2136 fecerit
1180 2097 1282 2135 runt
1317 2108 1418 2134 nam
1450 2108 1584 2135 unum
1617 2108 1810 2135 mensem
1845 2093 1977 2135 maio-

1179 2166 1298 2207 ribus
1332 2167 1584 2220 sequentem
1611 2164 1853 2207 iunioribus
1880 2180 1977 2207 0011-

1176 2239 1400 2279 secrarunt
1429 2236 1540 2277 unde
1568 2238 1612 2277 et
1643 2235 1789 2278 iunius
1816 2236 1976 2278 dicitur

222 2305 494 2349 Macellarius
509 2307 691 2348 lanistra
705 2307 779 2362 qui
794 2321 943 2349 carnes
959 2307 1074 2350 ferro
1176 2306 1316 2364 (Isid.)

281 2378 418 2420 laniat
1116 2378 1256 2420 Maius
1283 2379 1444 2420 mensis
1466 2379 1605 2421 dictus
1627 2394 1652 2420 a
1672 2378 1806 2420 maiia
1833 2381 1972 2420 matre

167 2470 200 2495 15
220 2448 388 2491 Macere
422 2450 556 2491 1110010
588 2449 794 2492 infestare
1171 2450 1374 2492 mercurii
1406 2449 1497 2492 siue
1531 2466 1555 2491 a
1587 2450 1827 2492 maioribus
1860 2453 1968 2492 natu

222 2520 489 2577 Macrologia
519 2521 651 2577 longa
684 2521 824 2563 oratio
858 2536 982 2578 grece
1173 2521 1247 2576 qui
1287 2524 1410 2563 erant
1448 2521 1666 2576 principes
1704 2521 1767 2563 rei
1798 2521 1972 2576 publice

219 2591 361 2634 Macte
394 2592 574 2634 uerbum
601 2595 666 2634 081
698 2593 805 2634 bene
838 2594 967 2636 alicui
1000 2595 1071 2636 ob-
1170 2608 1272 2634 nam
1321 2593 1435 2634 hunc
1486 2607 1679 2634 mensem
1729 2592 1970 2634 maioribus

312 2735 346 2777 1)
379 2744 398 2767 0
423 2744 467 2768 eae
492 2744 511 2767 e
543 2735 553 2777 Η
585 2735 620 2777 2)
654 2744 675 2766 u
703 2746 745 2767 au
771 2744 861 2768 corr.
891 2736 971 2768 1112
1002 2736 1013 2779 Η
1046 2737 1081 2778 3)
1111 2738 1193 2778 post
1219 2745 1253 2766 m
1283 2737 1300 2767 1
1330 2734 1398 2768 litt.
1426 2743 1532 2767 erasa
1552 2733 1563 2776 Η

311 2866 341 2896 3.
369 2864 583 2909 contemptu
621 2866 625 2907 Ι
661 2863 764 2898 aberi
791 2867 880 2907 m.1‚
908 2863 1039 2898 haberi
1064 2867 1145 2899 m.5
1178 2866 1190 2908 ll
1221 2868 1253 2898 4.
1287 2863 1505 2897 adulescens
1536 2865 1548 2907 ss
1581 2866 1611 2897 9.
1641 2862 1830 2908 Luprocal
1862 2864 1866 2908 Ι
1896 2861 1969 2897 sol—

219 2921 381 2966 lempnia
415 2924 419 2967 Ι
452 2922 740 2958 celebrabantur
763 2925 768 2966 ὶ
789 2923 944 2968 luproca
980 2925 992 2967 ΙΙ
1030 2926 1084 2957 10.
1117 2922 1295 2967 Lupicem
1313 2923 1325 2966 ΙΙ
1346 2926 1399 2957 12.
1433 2932 1476 2956 00
1504 2933 1572 2956 usu
1598 2933 1642 2957 ecc
1668 2933 1712 2956 ea
1738 2932 1808 2956 usa
1832 2932 1924 2958 corr.
1949 2922 1960 2968 11

220 2986 273 3015 18.
307 2983 524 3016 conmutata
565 2986 569 3026 Ι
609 2981 792 3017 edifitiola
828 2984 840 3026 ΙΙ
878 2986 932 3017 20.
968 2981 1035 3016 alii
1067 2980 1356 3026 pinguissimum
1388 2992 1432 3016 esc
1463 2979 1806 3026 alipinguissimum
1839 2991 1928 3016 corr.
1958 2979 1962 3026 Ι

217 3039 395 3084 quicquid
428 3040 613 3086 ‹listratur
637 3044 648 3086 ΙΙ
674 3046 728 3076 23.
763 3040 903 3076 Maiam
929 3053 973 3076 ecc
1004 3039 1160 3075 Maiiam
1188 3052 1278 3076 corr.
1314 3042 1319 3085 Ι
1353 3039 1454 3075 maia
1485 3052 1529 3074 esc
1554 3039 1670 3074 maiia
1696 3051 1786 3075 corr.
1811 3039 1815 3086 Ι
1845 3040 1966 3074 matre

215 3111 260 3135 eat
285 3101 441 3134 matrem
469 3110 559 3135 corr.
584 3104 589 3145 1
621 3100 673 3134 101
699 3099 849 3144 publice
881 3103 892 3145 11
923 3104 979 3135 24.
1007 3099 1130 3134 Maius
1155 3111 1200 3134 em
1225 3098 1362 3134 Maiius
1390 3110 1479 3135 corr.
1509 3100 1521 3143 ΙΙ

2004 1181 2038 1206 20
