2216 3402
758 156 994 193 PLACIDVS
1022 157 1209 194 CODICIS
1235 158 1446 193 PARISINI

221 266 374 309 ssPelta
405 270 472 309 est
493 300 501 308 .
523 281 659 323 genus
693 266 807 309 scuti
832 267 877 308 in
903 267 1079 309 modum

280 338 515 381 lunesemis
539 373 546 380 .
566 339 636 380 uel
663 338 803 395 magis
831 338 984 380 tertie.
1003 341 1079 380 aut

282 413 433 465 quarte
463 444 471 452 .
500 411 657 466 quibus
690 410 838 452 eadem
875 425 1078 452 ama-zone

278 484 462 524 utuntur
494 482 538 523 in
571 482 686 523 bello

219 553 568 596 perfunctorium
599 586 608 594 .
638 567 821 595 uernum
872 553 1077 595 transito-

278 625 390 667 rium
424 628 467 667 et
498 625 593 666 lebe

217 696 449 739 Peculator
475 730 484 738 .
512 697 800 752 depopulator
821 730 829 739 .
851 700 895 738 et
929 697 1000 738 fur
1021 731 1028 739 .
1051 713 1075 739 a

275 769 506 824 pecoribus
539 768 679 811 dictus

215 839 574 896 *Permulgatum
596 874 604 882 .
625 841 671 882 in
701 840 930 883 homnium
963 842 1074 883 noti-

276 912 384 954 tiam
411 914 455 954 et
481 913 618 955 totius
645 913 768 969 uulgi
791 913 1044 955 intimatum

181 996 195 1019 5
216 983 420 1026 Percellit
452 1018 461 1026 .
494 985 684 1040 percutit
723 1018 732 1026 .
764 985 956 1040 procella
989 1019 996 1026 .
1031 988 1074 1027 et

274 1056 448 1111 penitus
476 1058 675 1111 amputat
696 1071 845 1111 .quem
874 1057 1074 1112 percellit

214 1127 392 1169 Pellicia
445 1128 581 1169 uestis
621 1161 630 1169 .
669 1128 972 1170 indumentum
1022 1129 1072 1170 de

273 1200 385 1254 pelle
418 1199 583 1241 factum

217 1272 362 1313 Piaret
383 1306 391 1314 .
412 1272 661 1313 absolueret
692 1274 736 1313 et
769 1272 964 1326 expiaret

214 1343 391 1386 Piacula
412 1377 420 1385 .
441 1343 715 1398 expiamenta
747 1346 925 1398 peccata

212 1415 358 1457 Pietas
381 1449 389 1457 .
412 1415 567 1471 religio

160 1499 192 1524 10
213 1487 341 1543 Piget
361 1520 369 1528 .
395 1487 529 1542 pudet
550 1522 557 1529 .
580 1486 746 1541 penitet

210 1558 303 1601 Pile
324 1592 334 1601 .
353 1561 482 1614 porta
503 1593 510 1600 .
531 1560 609 1615 gffi

210 1631 306 1674 Pila
327 1665 335 1673 .
355 1631 497 1674 iacula
519 1664 527 1672 .
547 1631 615 1672 uel
650 1631 737 1672 tela

210 1703 306 1745 Pila
327 1736 336 1745 .
356 1703 485 1745 hasta

211 1774 445 1817 Pilacteria
466 1808 474 1816 .
495 1775 688 1816 carmina

159 1857 190 1882 15
210 1846 373 1888 Pilleus
403 1881 409 1887 .
437 1846 676 1888 masculino
704 1880 712 1888 .

269 1921 424 1960 neutro
441 1951 449 1960 .
464 1921 620 1961 neutro
642 1919 865 1974 antiquius
882 1954 888 1961 .
905 1934 1070 1962 mascu-

268 1990 358 2032 lino
385 1989 590 2032 usitatius
617 1993 667 2032 ut
693 1991 849 2046 pilleus
877 1991 1046 2034 dicatur

209 2062 331 2104 ssf’ssa
357 2096 366 2104 .
393 2062 430 2104 si
462 2061 609 2104 brebis
643 2066 710 2104 est
737 2097 744 2105 .
771 2063 816 2118 pi
844 2097 852 2105 .
874 2063 1032 2106 sillaba
1059 2098 1068 2106 .

270 2134 410 2176 omnis
460 2134 707 2176 rotunditas
759 2138 827 2177 est
859 2170 867 2177 .
901 2136 970 2178 uel
1016 2137 1066 2178 de

267 2207 387 2262 ligno
420 2206 538 2248 facta
559 2241 566 2248 .
589 2221 674 2261 qua
699 2207 822 2261 pueri
849 2207 894 2249 in
919 2208 1064 2250 triuiis

740 1847 896 1889 melius
939 1863 1070 1903 quam

268 2278 424 2320 ludunt
453 2311 461 2319 .
491 2278 527 2320 si
560 2279 604 2333 pi
636 2313 642 2319 .
673 2279 806 2335 longa
841 2282 908 2321 est
938 2314 946 2321 .
975 2280 1065 2335 pila

269 2350 471 2392 dicuntur
498 2383 506 2391 .
535 2350 621 2392 tela
655 2350 837 2406 grandia
872 2351 917 2393 in
950 2352 1064 2394 bello

267 2422 512 2464 necessaria
545 2456 552 2463 .
586 2423 758 2478 generis
803 2424 949 2465 neutri
978 2458 987 2466 .
1018 2427 1067 2465 ut

267 2493 347 2535 hec
371 2494 510 2549 pilum
532 2528 539 2535 .
560 2496 604 2535 et
629 2494 709 2536 1166
734 2495 824 2549 pila
845 2528 853 2536 .
874 2495 979 2537 item
1006 2496 1067 2551 pi-

268 2565 357 2606 lam
389 2564 572 2607 dicimus
600 2599 607 2607 .
634 2579 790 2621 genere
825 2566 1035 2610 feminino
1057 2601 1066 2610 .

268 2635 347 2678 1166
367 2636 532 2691 pilasus
554 2639 627 2678 ten
649 2640 749 2679 tacu
771 2637 863 2680 lum
883 2639 1034 2681 domus
1057 2673 1065 2681 .

270 2710 346 2749 aut
378 2708 610 2750 cuiuslibet
641 2709 800 2751 edificii

69 2784 197 2821 fol.13r
209 2777 342 2819 Pinus
374 2778 467 2833 ipse
504 2780 670 2834 plurari
696 2816 704 2823 .
732 2781 944 2837 singulari
984 2797 1065 2838 que

268 2852 899 2907 numero.per.u.pinus.hec
926 2853 1054 2909 pinus

209 2919 366 2974 Pipulo
387 2954 394 2962 .
416 2921 613 2964 conuicio

209 2990 355 3049 Piram
377 3024 385 3032 .
407 2993 572 3033 struem
602 2992 822 3049 lignorum

1891 161 1974 201 133

1116 268 1266 310 Pirum
1287 302 1295 311 .
1317 283 1452 324 genus
1487 269 1655 311 arboris
1686 270 1898 324 pomifere

1117 339 1267 382 Pirum
1294 375 1301 382 .
1327 344 1434 396 puto
1476 341 1647 396 generis
1690 332 1771 383 fn—ai
1796 375 1804 384 .
1832 345 1975 384 erecta

1177 413 1374 467 ingentia
1405 412 1501 467 pira

1116 482 1266 526 Pirata
1287 519 1294 526 .
1314 484 1428 526 latro

1114 554 1270 597 Piston
1291 589 1300 597 .
1321 555 1526 598 credibile

1114 625 1259 669 Pistos
1282 661 1290 669 .
1312 627 1450 669 fidelis
1473 628 1549 683 gffi

1113 697 1236 740 Pisto
1270 714 1354 741 uno
1378 732 1385 740 .
1408 699 1533 740 credo
1556 732 1564 740 .
1586 700 1664 754 gr—c

1112 769 1237 811 Pissa
1258 803 1266 812 .
1287 771 1361 825 pix
1384 804 1391 811 .
1412 770 1506 825 pice

1114 841 1277 884 Pitium
1299 876 1306 883 .
1332 842 1568 897 apollinem

1109 901 1280 968 &Pytho
1309 947 1317 956 .
1344 914 1574 969 pytonissa
1602 948 1608 955 .
1639 929 1742 968 qum
1763 949 1770 956 .
1792 915 1821 956 11
1844 951 1850 957 .
1873 918 1973 958 scri-

1174 986 1292 1027 bitur

1112 1055 1389 1100 *J‘Piissimum
1405 1092 1413 1100 .
1429 1060 1535 1113 aput
1551 1072 1631 1100 nos
1646 1058 1815 1113 antiqui
1832 1059 1972 1102 dicere

1171 1130 1403 1172 uoluerunt
1431 1163 1439 1172 .
1466 1145 1568 1171 nam
1606 1129 1704 1184 pius
1740 1131 1935 1185 positibo
1964 1166 1972 1173 .

1172 1202 1312 1258 magis
1355 1203 1452 1258 pius
1487 1235 1495 1244 .
1530 1202 1814 1256 conparatiuo
1845 1238 1852 1244 .

1171 1274 1272 1316 abet
1284 1274 1602 1329 superlatiuum
1612 1306 1620 1314 .
1630 1276 1674 1315 et
1688 1289 1857 1317 reuera.
1868 1291 1971 1330 qum

1171 1346 1214 1387 111
1235 1346 1330 1401 ipso
1352 1346 1544 1402 positiuo
1572 1345 1781 1400 perfectio
1811 1346 1869 1388 sit
1890 1380 1898 1388 .
1921 1350 1970 1389 ut

1171 1418 1207 1458 si
1246 1419 1354 1460 uelis
1394 1419 1533 1460 dicere
1567 1451 1576 1459 .
1609 1417 1680 1469 hic
1722 1417 1969 1461 inmortalis

1170 1493 1236 1531 est
1257 1525 1264 1531 .
1286 1489 1358 1532 ille
1393 1489 1779 1532 inmortalissimus

1109 1559 1334 1603 ssPisshica
1349 1595 1357 1603 .
1373 1577 1550 1618 grecum
1577 1564 1643 1604 est
1660 1562 1725 1603 .1(1
1750 1564 1970 1605 naturalia

1168 1633 1316 1688 phesis
1353 1634 1468 1676 enim
1498 1668 1504 1675 .
1533 1648 1659 1689 grece
1687 1667 1695 1675 .
1721 1637 1880 1676 natura
1911 1635 1970 1676 di-

1169 1705 1282 1747 citur
1313 1721 1458 1748 rerum

1109 1777 1315 1820 ῆιΡ1116663
1337 1778 1541 1820 (licuntur
1556 1810 1564 1818 .
1579 1777 1839 1833 hymagines
1861 1778 1967 1820 mire

1168 1849 1366 1904 (lepincte
1383 1883 1391 1893 .
1405 1850 1518 1891 idest
1538 1848 1684 1890 tabule
1707 1864 1967 1892 marmoree.

1382 1955 1390 1963 .
1429 1922 1537 1963 item
1580 1921 1756 1976 pinaces
1809 1936 1969 1978 genera

1167 2007 1394 2035 uersorum
1428 1996 1529 2036 sunt

1109 2064 1379 2107 ²³²Piacularia
1389 2100 1396 2106 .
1406 2065 1619 2121 sacrilega
1636 2065 1825 2120 peccatis
1840 2066 1969 2121 plena

1107 2136 1323 2192 '‘³²Pignera
1345 2172 1352 2179 .
1374 2140 1417 2179 et
1443 2137 1629 2193 pignora
1650 2170 1658 2178 .
1680 2137 1862 2193 pignera
1888 2139 1967 2180 fili—

1883 1218 1971 1245 non

1169 1920 1342 1975 equales

1166 2224 1290 2250 orum
1327 2212 1429 2251 sunt
1462 2209 1530 2250 1161
1564 2209 1798 2251 affectuum
1836 2209 1967 2252 inter-

1165 2295 1257 2322 esse
1298 2281 1485 2337 pignora
1513 2315 1520 2322 .
1549 2295 1629 2334 que
1676 2281 1966 2324 creditoribus

1165 2353 1324 2394 dantur
1357 2386 1365 2394 .
1400 2355 1466 2395 set
1509 2355 1694 2407 utraque
1739 2353 1966 2395 confundit

1165 2425 1404 2467 auctoritas
1437 2422 1638 2465 lectionis

1105 2496 1534 2553 2iePiriphlegetantar
1549 2527 1557 2536 .
1572 2495 1752 2537 flumina
1779 2500 1885 2551 aput
1906 2497 1966 2538 in-

1164 2568 1279 2610 feros
1302 2602 1308 2610 .
1330 2569 1430 2624 igne
1463 2567 1689 2609 flamantia

1105 2639 1316 2682 ssPinnate
1348 2640 1476 2696 plage
1504 2672 1512 2681 .
1540 2639 1668 2694 plage
1709 2641 1811 2680 sunt
1838 2672 1847 2680 .
1874 2640 1964 2681 uin-

1165 2711 1262 2753 cula
1275 2711 1486 2754 retiarum
1502 2745 1509 2752 .
1522 2710 1795 2766 extensisque
1809 2708 1840 2766 1)
1858 2711 1964 2753 fines

1165 2783 1322 2838 quibus
1356 2783 1610 2838 capiuntur.
1627 2784 1822 2837 agrestes
1849 2781 1938 2824 fere
1956 2816 1964 2824 .

1164 2855 1209 2896 in
1261 2855 1416 2909 quibus
1467 2854 1644 2895 funibus
1696 2853 1843 2895 auium
1887 2854 1965 2895 eri-

1165 2928 1328 2981 guntur
1356 2958 1365 2966 .
1391 2924 1607 2979 pinneque
1637 2923 1807 2969 ,faciunt
1840 2928 1963 2967 motu

1167 3011 1243 3038 suo
1271 2996 1443 3051 ignauis
1471 2995 1731 3043 animalibus
1753 2998 1964 3038 terrorem

310 3145 344 3189 1)
365 3155 437 3189 pro
463 3144 514 3179 sis
540 3145 684 3182 videtur
710 3145 743 3181 si
767 3149 946 3195 corriqere
970 3149 1125 3185 voluisse
1151 3149 1328 3185 librarius
1351 3150 1363 3194 ΙΙ

1995 282 2030 307 20

1994 714 2026 738 25

1991 1574 2025 1599 30

1985 2650 2019 2675 35
