2216 3402
731 122 966 160 PLACIDVS
994 123 1179 160 CODICIS
1206 123 1418 160 PARISIN'I
1862 125 1946 167 143

192 234 425 278 Rennitere
447 269 455 277 .
476 249 675 278 recusare

190 307 410 363 Repetat'.
430 308 667 350 reuertitur

189 379 412 435 Repacula
433 414 442 423 .
461 379 806 435 inpedimentum

190 451 387 507 Repente
409 486 417 493 .
439 451 585 494 subito

154 535 171 560 5
190 523 439 578 Repudians
460 556 468 565 .
490 538 696 578 respuens

191 595 459 651 Repentinus
480 629 489 637 .
511 594 683 637 subitus

189 666 385 722 Repente
408 701 416 709 .
437 666 589 709 statim
621 666 690 707 uel
725 666 869 708 subito

188 738 404 794 Reportat
425 773 433 780 .
453 737 586 780 refert
598 735 629 794 ¹)
655 771 662 779 .
684 738 906 780 renuntiat

188 809 424 864 Requieuit
445 846 452 854 .
477 809 667 852 cessabit

137 898 169 922 10
189 880 404 936 Requiras
425 915 433 923 .
456 896 611 937 queras

191 952 300 994 Rere
322 987 330 995 .
352 952 579 996 arbitraris
602 987 609 995 .
631 956 675 995 et
707 954 930 996 extimaris

188 1024 368 1067 Restat.
390 1028 588 1081 superest

188 1095 458 1152 Respectant
478 1131 486 1138 .
507 1097 747 1152 respiciunt

189 1169 434 1224 Respondit
455 1204 462 1211 .
485 1170 703 1211 consentit

135 1257 168 1283 15
188 1240 393 1284 Resultat
413 1275 420 1283 .
442 1241 683 1284 reluctatur
704 1275 712 1283 .
734 1242 995 1284 contradicit

187 1313 373 1356 Reserat
394 1347 402 1356 .
423 1313 634 1369 patefacit

187 1385 367 1427 Resides
390 1419 397 1427 .
418 1385 614 1428 residuos
642 1389 718 1428 aut
752 1386 918 1428 otiosos

187 1457 422 1513 Respectat
443 1490 451 1499 .
472 1458 651 1514 respicit
682 1458 753 1500 uel
785 1461 986 1514 expectat

187 1529 426 1585 Resipiscit
448 1562 457 1572 .
477 1529 695 1572 intellexit

133 1619 168 1643 20
187 1601 432 1657 Respersus
453 1636 462 1644 .
483 1617 685 1658 aspersus

187 1671 460 1717 ssResultatio
504 1676 571 1716 est
596 1709 603 1716 .
632 1672 909 1731 reluctatio2)
937 1709 944 1716 .
973 1675 1048 1730 qui

247 1745 453 1787 renititur
480 1780 486 1788 .
515 1749 559 1788 et
598 1749 751 1789 contra
792 1746 1047 1789 contendit.

246 1818 354 1860 item
385 1818 598 1860 resultare
632 1819 767 1861 dicit.
789 1834 947 1861 uocum
984 1834 1048 1861 so-

245 1890 364 1932 nitus
387 1923 395 1931 .
415 1890 459 1932 id
492 1891 678 1933 reaudiri

186 1962 273 2004 Res
305 1965 502 2005 tracum.
524 1978 598 2005 rex
632 1961 849 2005 ausiliaris
889 1963 1047 2018 priami

186 2033 425 2090 Resipiscit
446 2068 454 2077 .
476 2035 683 2077 amissam
703 2035 859 2090 recipit
880 2035 1046 2090 sapien-

246 2107 355 2149 tiam

186 2177 416 2222 Retractat
447 2213 455 2221 .
489 2179 707 2236 recogitat
739 2214 746 2221 .
780 2182 928 2222 utrum
981 2195 1048 2222 ex-

244 2252 393 2307 pediat

133 2340 166 2366 25
187 2322 438 2366 Reticulata
457 2357 465 2366 .
489 2326 691 2367 catenata

185 2394 362 2439 Retexit
385 2430 393 2438 .
415 2396 556 2453 aperit

186 2466 359 2510 Reticet
380 2501 388 2510 .
409 2471 528 2511 tacet
549 2502 556 2510 .
579 2467 833 2511 conticescit
843 2468 876 2526 3)

185 2537 467 2583 Retractator
493 2574 502 2582 .
528 2539 782 2598 repetitor4)
812 2576 820 2584 .
846 2557 949 2583 nam
985 2557 1046 2584 re-

246 2614 434 2655 tractare
462 2615 530 2655 est
552 2646 559 2654 .
580 2615 775 2668 repetere
803 2614 918 2668 quod
941 2614 1046 2656 omi-

248 2699 364 2726 seras

186 2753 394 2798 Reuisam
413 2789 422 2798 .
441 2756 662 2799 reuideam

133 2843 168 2869 30
188 2826 374 2868 Reuexit
395 2861 403 2868 .
423 2829 668 2883 reportabit

187 2898 349 2941 Reuiso
372 2933 379 2940 .
399 2902 548 2955 repeto
582 2914 848 2957 recognosco

309 3050 343 3109 1)
373 3064 410 3099 rt
434 3074 479 3101 ex
502 3065 561 3099 ret
584 3075 675 3102 corr.
719 3066 731 3111 ΙΙ
774 3067 811 3111 2)
844 3076 864 3100 c
888 3075 968 3112 sup.
994 3075 1062 3103 scr.

189 3124 224 3168 5)
256 3135 283 3158 n
308 3134 414 3160 erasa
445 3125 457 3169 ll

1090 235 1265 278 Reuunt
1286 268 1296 278 .
1316 235 1550 291 procidunt
1581 234 1739 277 cadunt

1090 308 1262 349 Reuisit
1283 341 1292 350 .
1312 308 1467 350 uisitat
1489 341 1497 349 .
1518 309 1594 349 aut
1626 307 1810 362 requirit

1089 378 1353 421 Reuinctum
1375 414 1382 420 .
1404 379 1674 435 conligatum

1088 450 1257 493 Reuola
1278 484 1287 492 .
1309 451 1525 494 clamosus
1969 463 2002 488 35

1088 521 1306 564 Reuulsus
1328 557 1334 564 .
1358 521 1601 565 eradicatus

1088 593 1273 636 Reuelat
1294 628 1302 636 .
1325 594 1466 649 aperit
1497 594 1566 636 uel
1600 595 1871 636 demonstrat

1089 666 1307 708 Reuocate
1341 666 1509 708 animos
1531 700 1539 707 .
1560 668 1704 708 mente
1741 666 1947 708 resumite

1088 736 1388 793 *Responsum
1411 770 1418 778 .
1440 740 1483 778 et
1512 738 1836 792 responsorium
1860 771 1869 781 .
1887 753 1948 789 re-

1148 824 1358 864 sponsum
1392 808 1506 863 quod
1545 809 1701 851 datur.
1724 824 1949 864 responso-

1148 881 1262 923 rium
1312 895 1497 922 neruum
1518 913 1527 922 .
1548 883 1623 922 aut
1673 896 1824 922 uersus
1876 881 1948 936 qui

1149 968 1248 1008 sepe
1280 953 1468 995 iteratur
1996 1003 1999 1006 Ι

1088 1023 1337 1068 *36661181ὺὶ
1375 1025 1479 1066 libri
1500 1058 1508 1067 .
1528 1038 1618 1066 non
1655 1022 1949 1080 remensem)
1965 1036 2093 1071 fol.17¹'

1149 1096 1365 1153 quomodo
1399 1095 1562 1151 prebiti
1583 1130 1591 1137 .
1611 1111 1699 1138 non
1731 1095 1901 1151 prebeti

1089 1168 1400 1224 ²³³Reliquatum
1422 1203 1429 1210 .
1452 1167 1762 1210 metahforicos
1784 1168 1948 1210 dictum

1148 1241 1366 1296 liquatum

1089 1312 1309 1355 *Redubie
1342 1313 1545 1356 dicuntur
1567 1346 1575 1354 .
1598 1312 1739 1368 spolia
1778 1327 1948 1367 serpen—

1147 1388 1275 1428 tum.
1304 1385 1461 1440 quibus
1507 1384 1739 1440 quodquod
1782 1384 1904 1426 annis
1939 1417 1947 1426 .

1148 1460 1379 1500 senescunt
1407 1492 1414 1499 .
1442 1472 1534 1499 sese
1562 1490 1572 1500 .
1598 1459 1761 1498 exuunt
1787 1490 1796 1498 .
1824 1456 1947 1511 quasi

1149 1530 1306 1585 quibus
1340 1529 1458 1571 exuti
1480 1563 1487 1570 .
1509 1529 1553 1570 in
1592 1528 1817 1570 iubentam
1855 1528 1946 1569 red-

1147 1605 1251 1644 eunt
1284 1635 1292 1644 .
1327 1602 1530 1644 dicuntur
1574 1601 1689 1642 enim
1733 1600 1909 1642 indubie
1939 1633 1947 1642 .

1147 1674 1300 1717 exuuie
1322 1706 1330 1715 .
1353 1672 1530 1715 redubie

1086 1745 1308 1802 ssRegulus
1336 1778 1344 1788 .
1370 1760 1530 1787 nomen
1563 1744 1776 1800 serpentis
1805 1779 1811 1785 .
1838 1744 1949 1786 basi‘

1145 1818 1243 1861 lisci

1086 1889 1308 1933 ssRecutiti
1330 1923 1338 1932 .
1359 1889 1474 1932 iudei

1086 1962 1308 2019 ³²Regione
1324 1997 1331 2004 .
1347 1961 1586 2017 intradegit
1598 1994 1606 2003 .
1618 1962 1789 2016 poetico
1806 1976 1925 2004 more
1936 1995 1945 2005 .
1966 1976 2000 2001 45

1146 2035 1251 2078 fecit
1284 2069 1291 2077 .
1324 2049 1426 2076 nam
1465 2034 1502 2076 si
1543 2033 1744 2075 uolumus
1784 2033 1946 2076 rectius

1145 2107 1267 2163 loqui
1283 2106 1350 2149 ‚in
1376 2105 1554 2162 regione
1575 2105 1696 2161 degit
1711 2138 1720 2146 .
1736 2108 1812 2147 aut
1832 2105 1947 2147 intra

1147 2179 1371 2236 regionem
1392 2178 1574 2220 dicimus
1588 2210 1596 2220 .
1609 2181 1676 2220 set
1695 2178 1948 2233 postposuit

1147 2250 1489 2307 prepositionem
1511 2283 1520 2292 .
1542 2253 1585 2292 et
1614 2250 1804 2305 perdidit
1830 2250 1947 2291 uiam

1149 2339 1301 2365 suam.
1323 2326 1372 2364 ut
1402 2322 1449 2364 in
1481 2325 1573 2364 arte
1606 2322 1792 2378 legimus

1085 2394 1328 2437 ssResiduus
1349 2428 1358 2437 .
1380 2394 1503 2450 quasi
1536 2394 1686 2436 tardus

1085 2467 1271 2510 Restitit
1292 2501 1300 2510 .
1321 2467 1448 2509 stetit

1084 2538 1339 2597 *Regumen
1368 2539 1734 2596 tegimen.unum
1761 2541 1828 2580 est
1850 2574 1856 2580 .
1880 2541 1946 2580 set

1144 2614 1324 2668 propter
1362 2611 1582 2654 eufoniam
1615 2611 1810 2667 regimen
1843 2610 1943 2651 dici-

1145 2698 1242 2726 mus

1083 2755 1346 2798 ssResultant
1367 2788 1376 2798 .
1397 2755 1598 2798 resiliunt

1083 2826 1283 2870 *Recidit
1304 2860 1312 2869 .
1332 2827 1486 2869 incidit
1518 2826 1692 2869 deuenit

1083 2899 1286 2955 *Relegit
1306 2934 1313 2942 .
1336 2898 1528 2955 sublegit

1106 3068 1117 3111 u
1161 3066 1196 3110 3)
1221 3063 1254 3098 it
1278 3074 1323 3100 ea:
1348 3064 1387 3099 et
1411 3073 1503 3101 corr.
1548 3065 1559 3110 ΙΙ
1602 3064 1640 3110 4)
1664 3062 1697 3099 ti
1720 3074 1800 3110 sup.
1826 3075 1894 3100 scr.
1928 3066 1940 3112 s!
