2221 3490
536 154 791 190 EXCERPTA
816 154 881 188 EX
907 153 1172 189 GLOSSARIO
1198 152 1390 188 ABAVVS
1416 152 1605 188 MAIORE

202 263 357 319 Vanga
389 266 455 305 est
487 263 587 318 pala
620 278 717 305 cum
748 263 862 305 ferro

202 335 384 377 Vinacia
403 335 471 377 uel
495 335 642 376 acinus
661 338 727 376 est
749 348 952 388 expressa
970 349 1055 375 uua

201 405 428 461 Vesticeps
446 409 510 447 est
527 406 600 460 qui
622 407 852 460 pubertate
868 405 1055 447 uestitur

201 476 390 519 Vecerra
422 480 489 519 est
522 477 656 532 stipes
689 477 765 518 ubi
795 477 1038 531 religantur

163 558 180 583 5
200 547 464 603 Veneripeta
493 551 559 589 est
590 546 838 589 luxuriosus

200 618 456 661 Venedones
490 622 591 661 sunt
624 619 780 660 arbuta

201 689 337 744 Vesce
378 693 479 732 sunt
517 690 691 731 frondes
725 689 867 731 salicis
905 691 1052 742 tenere

258 762 328 803 uel
362 762 446 815 tele
481 775 737 803 araneorum

199 832 414 887 Vopiscus
448 835 515 874 est
546 832 668 873 tarde
706 834 836 873 natus
875 832 942 873 uel
979 831 1053 886 qui

1860 152 1945 193 625

1153 278 1204 304 ex
1230 263 1397 304 duobus
1426 262 1645 317 conceptis
1675 275 1760 302 uno
1789 261 1945 302 abortu

1153 334 1325 376 excluso
1372 333 1481 375 alter
1525 334 1577 375 ad
1618 335 1792 388 partum
1843 332 1945 386 legi-

1153 405 1310 446 timum
1340 405 1564 446 deducitur
1596 407 1707 446 teste
1742 403 1945 445 marcello

1092 546 1419 601 Ypocamisium
1464 547 1598 588 uestis
1644 562 1772 601 super
1819 546 1946 588 cami-

1151 618 1259 659 siam

1092 760 1247 815 Zipina
1279 763 1346 801 est
1378 760 1526 802 lancea
1967 772 2000 797 10

1093 831 1237 887 Zanga
1273 834 1375 873 sunt
1407 846 1505 873 ossa

291 1203 363 1249 III
419 1203 759 1250 EXOERPTA
797 1203 882 1249 EX
923 1202 1266 1249 GLOSSARIO
1306 1202 1558 1250 ABAVVS
1597 1203 1848 1250 MAIORE

814 1294 909 1339 (cod.
938 1294 1042 1328 Voss.
1071 1296 1114 1327 82
1144 1304 1239 1328 saec.
1265 1293 1329 1337 IX)

197 1403 366 1444 Abacta
397 1402 593 1444 inuolata

194 1473 386 1516 Abarcet
417 1474 621 1529 prohibet

195 1546 378 1588 Abdixit
411 1545 647 1600 abnegauit
679 1545 832 1587 abnuit

195 1617 397 1660 Abiectio
432 1617 668 1672 disperatio

161 1689 477 1732 5Abicimusne
511 1703 615 1744 ergo
647 1703 701 1730 ne
735 1688 945 1730 abicimus

195 1761 521 1817 Abingruentes
555 1760 886 1801 abinmittentes

194 1832 405 1888 Abigiata
436 1831 650 1873 inuiolata

195 1904 403 1946 Ablatere
436 1903 565 1959 longe

194 1975 400 2018 Aboletio
436 1974 594 2016 deletio
629 1974 793 2016 obliuio

144 2059 175 2083 10
194 2046 374 2088 Abresit
406 2045 537 2101 longe
570 2048 636 2086 est
668 2048 712 2087 et
745 2046 802 2086 sit

194 2119 371 2173 Absque
404 2118 575 2160 foedere
609 2118 771 2172 absque
805 2117 1000 2159 amicitia

192 2189 436 2232 Absorbuit
469 2189 705 2243 assumpsit
738 2188 972 2244 deglutiuit

193 2260 448 2302 Abstemius
481 2275 637 2315 parcus

194 2332 418 2374 Accersire
452 2332 660 2374 aduocare

143 2415 175 2441 15
194 2403 454 2446 Accersione
487 2404 821 2458 proeuocatione

192 2475 354 2517 Acerat
392 2475 457 2516 fas
509 2475 623 2530 quod
668 2474 928 2517 sacrificium
981 2476 1050 2517 ad—

252 2546 430 2588 hibetur

194 2617 337 2660 Acciti
370 2617 515 2659 uocati
548 2617 722 2659 adducti
755 2618 955 2660 accersiti

191 2688 394 2731 Acinacis
426 2688 559 2744 pugio
592 2689 783 2743 partious

191 2761 384 2803 Acclinis
415 2761 643 2815 resupinus

139 2846 174 2870 20
193 2832 445 2874 Acrimonia
477 2833 724 2874 acuminum
758 2833 941 2874 saeuitia

192 2904 261 2945 Ad
294 2904 455 2946 calcem
489 2904 542 2945 ad
572 2904 704 2946 finem

192 2973 372 3017 Adescit
404 2975 543 3016 aderit

191 3045 491 3088 Adimentium
523 3046 774 3088 tollentium

191 3117 406 3160 Adimitio
440 3118 659 3174 ademptio

263 3194 349 3226 Corp.
370 3194 460 3228 gloss.
481 3195 534 3221 lat.
565 3197 637 3221 tom.
656 3195 691 3221 V.

1089 1402 1441 1444 Adminiculante
1475 1402 1705 1444 adiuuante
1963 1417 1997 1442 25

1089 1474 1399 1515 Adniteremur
1450 1474 1753 1515 adiuuaremur
1804 1474 1944 1528 opitul

1149 1546 1339 1587 laremur

1089 1617 1273 1659 Adoreis
1307 1617 1505 1659 uictoriis

1092 1690 1261 1731 Adorea
1305 1689 1491 1732 uictoria
1535 1689 1628 1731 laus
1673 1689 1832 1730 bellica
1876 1704 1945 1730 ue-

1149 1761 1221 1802 1191
1251 1761 1370 1816 lupia
1402 1760 1517 1802 bona
1549 1760 1850 1802 exaestimatio

1089 1833 1308 1888 Adpendit
1341 1832 1543 1874 aestimat

1090 1904 1346 1946 Adtaminat
1378 1907 1561 1959 usurpat
1965 1919 1999 1943 30

1089 1975 1282 2018 Aduncis
1317 1976 1461 2017 curuis

1090 2047 1302 2102 Aegiator
1333 2047 1534 2090 hortator

1088 2118 1339 2174 Aeripidem
1372 2119 1564 2161 uelocem

1089 2190 1398 2232 Aestuaremus
1444 2190 1710 2232 ferueremus
1753 2191 1945 2233 anxiare-

1146 2277 1242 2303 mus

1087 2333 1251 2375 Aesum
1284 2334 1429 2376 cibum
1961 2349 1995 2373 35

1087 2405 1269 2447 Aeuitas
1304 2406 1538 2447 aeternitas
1572 2409 1690 2448 aetas

1089 2476 1263 2533 Aggere
1297 2480 1436 2519 strata
1469 2477 1561 2520 siue
1594 2478 1666 2519 uia
1697 2478 1872 2532 publica

1087 2548 1329 2604 Aginantes
1363 2549 1626 2604 explicantes

1088 2619 1232 2662 Alaris
1267 2621 1526 2662 caballarius

1088 2691 1310 2733 Allabitur
1347 2692 1503 2734 leniter
1542 2692 1731 2734 decurrit
1772 2693 1839 2733 uel
1883 2692 1942 2733 in-
1961 2706 1996 2729 40

1147 2762 1286 2804 fertur

1086 2833 1258 2876 Allutes
1290 2835 1411 2877 locus
1445 2850 1624 2878 cenosus

1087 2905 1304 2947 Alitorem
1336 2907 1601 2948 nutritorem

1085 2976 1324 3020 Amentum
1369 2978 1656 3034 ligamentum
1709 2978 1823 3033 quod
1874 2982 1941 3020 est

1144 3049 1189 3090 in
1221 3049 1363 3091 media
1394 3049 1522 3090 hasta

1085 3119 1328 3164 Amendare
1362 3136 1386 3163 a
1417 3120 1561 3176 patria
1593 3121 1787 3163 exultare

1609 3193 1655 3224 40
