2221 3490
627 143 885 181 EXCERPTA
910 143 975 179 Ex
1001 142 1172 180 CODICE
1201 142 1446 179 VATICANO
1477 146 1566 178 1469

216 256 478 300 Cludidenus
510 255 740 311 imperitus

216 328 468 384 Conopeum
505 328 712 369 basterna
743 327 811 369 uel
853 327 960 369 sella
991 325 1073 369 ale-

275 400 487 442 xandrina

217 470 488 514 Calcitrones
523 471 596 526 qui
635 469 847 513 infestant
884 470 1074 513 calcibus

218 543 474 586 Clanculum
507 557 632 585 mane
666 544 846 586 dubium

182 628 197 653 5
218 614 419 658 Clandire
453 614 694 657 claudicare

219 686 402 730 Clauum
434 686 779 742 gubernaculum

218 757 340 800 Circe
373 757 484 799 radii
517 757 621 799 solis

218 828 406 872 Cecuma
436 831 597 871 noctua

219 900 345 944 Cloes
378 901 529 956 pluuia

169 989 200 1014 ιο
220 973 472 1016 Curriculus
507 975 650 1016 certus
684 987 835 1015 cursus

220 1044 486 1088 Concurrere
510 1060 607 1088 cum
627 1044 735 1086 uiris
756 1059 835 1100 pro
852 1059 950 1086 cum
969 1043 1078 1086 uiris

281 1117 486 1174 congredi

221 1188 297 1232 Cei
329 1188 594 1231 iudicatores

223 1261 357 1304 Catus
389 1260 605 1303 sollicitus
639 1261 792 1304 doctus

223 1332 352 1376 Ceres
379 1332 648 1375 frumentum
678 1332 749 1374 uel
781 1348 936 1388 panem
969 1334 1080 1376 liber

282 1406 420 1447 uitem
434 1405 504 1446 uel
525 1405 676 1447 uinum
697 1420 833 1447 uenus
853 1405 1080 1447 libidinem

281 1477 351 1519 uel
383 1477 535 1519 holera
566 1480 785 1532 neptunus
820 1492 978 1533 aquam
1011 1478 1081 1520 uel

282 1549 423 1605 pisces
462 1549 672 1591 uulcanus
711 1549 859 1606 ignem
905 1548 975 1591 uel
1017 1564 1083 1592 so-

282 1622 368 1663 lem
402 1621 652 1677 significant

171 1710 204 1736 15
225 1694 365 1737 Cocus
393 1693 529 1736 edidit
554 1696 797 1749 neptunum
824 1709 1013 1736 cererem
1040 1697 1084 1736 et

284 1781 487 1808 uenerem
516 1768 740 1821 expertam
767 1766 953 1808 uulcano
980 1765 1084 1808 libe-

285 1853 467 1894 rumque
507 1838 671 1892 pariter
704 1837 933 1880 absorbuit
972 1837 1085 1880 idest

287 1926 413 1953 cocus
448 1910 635 1952 comedit
672 1910 812 1965 pisces
847 1913 890 1951 et
928 1925 1085 1965 panem

288 1986 332 2025 et
362 1983 514 2025 holera
541 1984 666 2024 cocta
690 1982 743 2023 ad
776 1982 923 2038 ignem
956 1984 1000 2024 et
1025 1981 1085 2024 ui-

285 2070 390 2097 num
424 2054 588 2110 pariter
621 2052 734 2095 bibit

227 2126 466 2171 Centonem
487 2126 672 2181 lupanar
692 2125 838 2168 uelum
859 2126 909 2168 de
935 2126 1086 2168 multis

286 2199 442 2256 pannis

229 2272 470 2316 Centamen
503 2284 653 2313 cenam
684 2270 943 2313 iniuriosam

230 2344 495 2400 (Jreparacas
530 2356 752 2385 sermones

229 2415 438 2460 Certones
471 2414 676 2470 uulgares

176 2502 210 2528 20
231 2487 427 2533 Cerritus
459 2501 618 2529 nomen
652 2485 746 2528 auis

230 2560 374 2604 Cruda
388 2561 587 2602 senectus
604 2558 719 2601 idest
736 2559 912 2615 stupida
929 2560 1090 2617 frigida

231 2632 385 2676 Cicuta
424 2634 490 2673 est
526 2631 639 2687 quod
678 2632 745 2673 est
783 2631 898 2673 inter
936 2647 1091 2675 canna-

290 2720 388 2747 rum
419 2703 556 2746 nodos

232 2777 399 2820 Cicutis
433 2774 611 2818 calamis

233 2848 468 2892 Cleanthas
520 2847 756 2889 armarium
808 2862 883 2889 seu
933 2848 1091 2891 biblio-

293 2920 420 2962 theca
453 2934 579 2976 grece
613 2919 802 2974 celeptes
834 2919 904 2961 uel
935 2919 1007 2962 fur

180 3009 214 3034 25
235 2993 463 3037 Condensa
494 2989 636 3046 spissa

236 3064 481 3107 Concinnat
513 3063 735 3106 subtiliter
767 3064 990 3118 componit
1022 3064 1092 3105 uel

294 3135 447 3179 irridet

1879 141 1962 183 521

1113 253 1352 297 Commune
1384 253 1660 309 inquinatum
1692 252 1949 294 inmundum

1112 325 1413 383 Congerrones
1447 326 1538 367 siue
1571 338 1861 381 congerroges
1895 323 1968 378 qui

1172 398 1312 440 aliena
1358 398 1410 440 ad
1457 412 1500 439 se
1543 398 1812 453 congregant
1855 395 1968 436 unde

1173 470 1286 525 apud
1313 483 1516 512 romanos
1545 483 1751 525 gerrones
1777 466 1970 509 brutiani

1173 543 1275 583 sunt
1308 540 1414 583 dicti

1114 613 1321 656 Crustula
1359 611 1582 667 dulcisque
1622 612 1703 653 diis
1742 611 1856 653 idest
1895 610 1971 652 mi-

1172 684 1292 726 nutis
1318 684 1519 739 partibus
1546 684 1615 725 uel
1641 682 1971 739 compaginibus

1175 755 1314 810 farine
1348 755 1443 797 fieri
1476 758 1740 798 consuerunt

1117 826 1255 869 Crura
1297 842 1396 869 ossa
1434 826 1540 880 tibie
1581 826 1811 868 anterioris
1851 825 1972 868 cuius
1996 837 2030 862 30

1178 898 1412 955 singularis
1439 900 1506 940 est
1537 897 1621 940 hoc
1648 912 1745 939 crus
1778 898 1889 939 unde
1917 898 1975 939 di-

1176 971 1440 1013 minutiuum
1473 970 1524 1011 fit
1556 970 1803 1012 crusculum

1117 1043 1436 1087 Caduceatores
1468 1041 1728 1083 internuntii
1761 1041 1875 1083 idest
1903 1042 1975 1096 qui

1176 1115 1291 1158 inter
1322 1117 1469 1172 partes
1502 1113 1705 1156 nuntium
1737 1116 1918 1169 portant

1116 1297 1395 1339 Domuncula
1428 1295 1701 1338 conclauium
1734 1296 1886 1338 domus

1118 1368 1403 1411 Domicilium
1434 1367 1584 1409 nidum
1619 1367 1711 1408 auis

1119 1441 1333 1483 Disertim
1366 1438 1576 1495 disposite
1610 1438 1777 1494 digeste

1119 1512 1274 1568 Dapax
1305 1513 1466 1566 loquax
1499 1510 1589 1553 siue
1622 1511 1834 1554 facundus

1120 1584 1270 1626 Dauus
1305 1598 1434 1626 senex
1467 1583 1703 1626 discinctus

1121 1654 1316 1712 Dapsilis
1349 1655 1477 1698 facile
1511 1656 1617 1698 dans
1650 1655 1799 1712 largus

1122 1728 1239 1770 Duet
1276 1728 1348 1770 det

1122 1800 1265 1842 Duem
1297 1800 1395 1842 dem

1122 1872 1297 1914 Drifum
1331 1871 1523 1914 tribunal
1555 1872 1792 1913 eburneum
1824 1870 1869 1912 in
1897 1885 1981 1925 quo
2001 1881 2038 1906 40

1185 1944 1384 1987 consules
1417 1944 1569 1986 sedent

1123 2016 1330 2072 Dumquo
1363 2016 1556 2070 adusque

1124 2088 1234 2130 Duis
1274 2088 1379 2129 duas
1425 2102 1494 2129 res
1537 2087 1758 2143 significat
1801 2102 1903 2128 nam
1942 2089 1985 2128 et

1184 2176 1263 2216 pro
1285 2160 1351 2202 dis
1378 2160 1624 2215 ponebatur
1644 2163 1688 2201 et
1715 2173 1794 2215 pro
1816 2159 1984 2200 dederis

1125 2233 1400 2289 Delegebant
1411 2231 1675 2274 definiebant
1687 2231 1986 2273 deliberabant

1126 2305 1277 2347 Dubat
1310 2304 1484 2346 dubitat

1127 2377 1328 2420 Dotatim
1361 2375 1633 2419 abundanter
2005 2383 2041 2410 45

1127 2557 1299 2614 Ergata
1329 2557 1498 2599 uicinus
1533 2558 1608 2598 aut
1642 2556 1845 2610 operator

1128 2630 1308 2672 Extales
1342 2629 1559 2672 exteriora
1590 2627 1703 2670 infra
1736 2640 1867 2668 anum

1129 2702 1302 2744 Eresim
1315 2701 1454 2744 cicero
1471 2700 1562 2742 sine
1578 2698 1842 2754 aspiratione
1855 2695 1988 2739 scribi

1190 2774 1344 2816 debere
1377 2773 1440 2815 ait

1127 2845 1248 2902 Ergo
1281 2860 1360 2901 pro
1389 2859 1488 2900 sepe
1515 2843 1694 2899 ponitur
1726 2842 1849 2884 iuxta
1880 2840 1988 2882 illud

1189 2932 1293 2974 ergo
1314 2917 1468 2973 legunt
1489 2915 1752 2969 scripturam
1767 2913 1988 2968 sapientes

1191 3005 1215 3032 o
1248 2991 1346 3032 cato
1379 2989 1493 3030 idest
1525 3000 1624 3042 sepe
1656 2986 1810 3042 legunt

1130 3062 1323 3105 Emistes
1351 3059 1516 3116 species
1544 3057 1793 3113 poculique
1821 3055 1987 3099 ductim
2009 3068 2043 3094 50

1190 3134 1304 3176 idest
1336 3148 1421 3175 uno
1456 3130 1615 3188 spiritu
1647 3129 1814 3173 bibitur
