2216 3402
652 93 886 130 PLACIDVS
911 93 1166 130 LIBRORVM
1192 94 1512 130 ROMANORVM

210 203 456 245 Pentesilea
486 218 740 246 amazonum
771 203 921 260 regina
951 219 1064 246 ama-

269 290 396 317 zones
429 290 533 318 uero
567 278 690 318 erant
716 275 901 318 feminae
934 276 1065 317 bella-

270 346 401 389 trices
441 362 492 390 ex
530 362 685 404 genere
725 347 965 390 scitharum
998 348 1064 389 de-

269 419 521 461 scendentes
560 419 673 461 hanc
712 433 814 475 ergo
858 419 1063 461 homerus

268 491 507 533 introducit
545 493 739 545 tempore
783 490 889 532 belli
935 490 1063 533 troici

268 563 311 604 in
327 562 536 605 auxilium
551 562 719 617 priamo
741 561 911 603 uenisse
933 577 1064 617 quam

269 634 448 677 achilles
480 649 592 676 unus
626 648 881 690 graecorum
907 633 1064 676 ducum

266 706 536 748 fortissimus
570 706 740 748 occidit.

206 777 332 820 Pelta
370 780 436 819 est
474 791 608 833 genus
649 777 763 819 sicut
803 776 846 818 in
887 778 1062 819 modum

265 850 393 891 lunae
433 849 562 891 semis
608 849 677 891 uel
723 849 864 905 magis
906 849 1062 891 tertiae

264 923 341 964 aut
368 923 548 976 quartae
577 921 733 977 quibus
756 921 930 963 eaedem
952 935 1062 962 ama-

264 1007 392 1035 zones
425 995 610 1035 utuntur
642 993 687 1034 in
718 1007 875 1048 pugna.

204 1065 451 1107 Piacularia
478 1064 690 1120 sacrilega
709 1065 899 1120 peccatis
921 1065 1060 1120 plena.

202 1136 395 1193 Pignora
415 1137 606 1179 filiorum
621 1139 722 1178 sunt
736 1137 805 1178 uel
828 1136 1060 1179 affectuum

262 1209 473 1250 interesse
511 1208 694 1264 pignera
735 1223 843 1263 quae
878 1209 1059 1251 credito-

262 1280 383 1322 ribus
424 1280 582 1322 dantur
621 1280 694 1322 sed
735 1283 920 1336 utraque
963 1295 1059 1323 con-

262 1352 406 1394 fundit
439 1351 676 1394 auctoritas
709 1352 922 1394 lectionis.

166 1440 182 1465 5
201 1423 477 1480 Plagiatores
511 1424 773 1467 seductores.

202 1496 517 1552 Phlegetontas
544 1495 725 1538 flumina
758 1497 871 1552 apud
897 1497 1060 1540 inferos

260 1568 408 1624 ignem
440 1568 721 1610 flammantia.

201 1640 442 1696 Priuilegia
496 1640 614 1696 leges
658 1640 933 1696 priuatorum
984 1656 1059 1684 seu

261 1712 473 1754 beneficia
494 1727 602 1767 quae
625 1728 649 1754 a
668 1713 940 1768 principibus
963 1728 1059 1756 con-

263 1784 473 1826 ceduntur
519 1785 592 1826 sed
636 1784 855 1827 interdum
900 1800 924 1827 a
969 1786 1059 1841 qui-

262 1856 446 1897 busdam
490 1871 568 1911 pro
613 1856 783 1913 legibus
828 1857 1061 1914 priuilegia

262 1927 476 1970 dicuntur.
903 1913 913 1922 .

201 1999 411 2042 Pinnatae
426 2000 581 2056 plagae
596 2001 752 2056 plagae
768 2004 870 2043 sunt
884 2002 1060 2044 uincula

261 2072 471 2114 retiarum
503 2073 668 2114 extensi
703 2088 784 2128 que
811 2073 935 2115 funes
970 2073 1060 2129 qui-

262 2144 344 2186 bus
372 2144 604 2199 capiuntur
636 2147 832 2201 agrestes
866 2146 980 2187 ferae
1013 2146 1059 2187 in

262 2216 420 2271 quibus
453 2216 630 2259 funibus
658 2216 806 2259 auium
833 2217 1060 2273 eriguntur

262 2302 440 2344 pennae.
490 2346 499 2351 ,

243 2490 465 2534 INCIPIT
492 2490 609 2533 PER
636 2491 674 2533 R
700 2491 1017 2534 LITTERAM.

148 2591 182 2616 10
201 2575 426 2619 Recensiti
457 2575 560 2616 libri
592 2589 680 2617 non
711 2576 924 2617 recenseti
958 2590 1058 2631 quo-

262 2647 391 2689 modo
423 2647 614 2701 praebiti
646 2661 734 2689 non
765 2647 974 2702 praebeti.

1903 98 1957 139 39

1104 203 1386 259 Reliquatum
1428 205 1748 260 metaphoricos
1795 206 1957 248 dictum

1163 275 1437 331 reliquatum.

1103 347 1324 390 Reduuiae
1364 348 1566 391 dicuntur
1604 349 1744 404 spolia
1789 364 1958 404 serpen-

1163 421 1257 460 tum
1297 421 1453 475 quibus
1491 423 1707 476 quotquot
1741 420 1863 463 annis
1898 437 1957 463 se-

1160 495 1345 533 nescunt
1385 507 1476 534 sese
1516 494 1678 534 exuunt
1711 493 1836 547 quasi
1869 493 1958 547 qui-

1161 561 1242 603 bus
1282 563 1402 605 exuti
1439 564 1484 605 in
1522 564 1746 606 iuuentam
1777 565 1959 607 redeunt

1164 633 1366 676 dicuntur
1399 635 1514 677 enim
1546 635 1748 678 induuiae
1776 637 1956 678 exuuiae

1162 706 1379 749 reduuiae.

1101 776 1297 832 Regulus
1325 792 1484 819 nomen
1510 779 1724 833 serpentis
1751 780 1958 823 basilisci.

1101 847 1255 890 Rictus
1289 852 1475 891 uocatur
1507 850 1647 891 omnis
1676 852 1842 906 apertio
1871 852 1957 893 oris

1161 920 1233 962 uel
1265 920 1501 976 patefactio
1534 921 1680 963 hiatus
1714 925 1805 964 tam
1837 923 1954 964 ferae

1163 1006 1294 1046 quam
1325 992 1516 1035 hominis
1551 994 1708 1036 dicitur
1746 997 1790 1036 et
1822 993 1957 1036 rictus

1161 1077 1208 1104 os
1241 1063 1397 1118 ipsum.

1100 1133 1347 1178 Resultatio
1369 1137 1481 1179 idest
1502 1137 1734 1180 reluctatio
1758 1152 1866 1192 quae
1894 1153 1954 1179 re·
1978 1156 2009 1181 15

1158 1206 1316 1249 nititur
1349 1211 1392 1250 et
1419 1211 1571 1250 contra
1597 1209 1820 1251 contendit
1853 1209 1958 1251 item

1159 1280 1370 1322 resultare
1405 1280 1608 1322 dicuntur
1646 1295 1803 1323 uocum
1844 1282 1956 1323 soni-

1160 1353 1231 1392 tus
1265 1351 1379 1393 idest
1412 1352 1610 1394 reaudiri.

1100 1422 1293 1465 Recutiti
1328 1424 1454 1466 iudei.

1098 1495 1315 1537 Residuus
1353 1495 1477 1550 quasi
1510 1496 1669 1537 tardus.

1099 1567 1283 1622 Raptari
1315 1567 1563 1623 frequenter
1595 1568 1700 1623 rapi.

1098 1639 1284 1681 Romam
1317 1654 1368 1681 ex
1406 1640 1608 1694 aquilone
1648 1640 1784 1682 retiae
1825 1641 1951 1682 strin-

1158 1715 1267 1767 gunt
1299 1712 1369 1753 uel
1397 1712 1674 1754 conlimitant
1700 1712 1771 1754 uel
1796 1712 1956 1754 finibus

1158 1799 1202 1826 se
1236 1784 1275 1825 ei
1309 1784 1563 1839 adiungunt.

1098 1855 1275 1911 Rubigo
1309 1870 1334 1897 a
1365 1856 1554 1897 rodendo
1589 1855 1758 1897 dicitur.
1976 1874 2010 1897 20

1099 1928 1334 1970 Resultant
1366 1926 1579 1969 resiliunt.

1099 1999 1292 2056 Regulus
1314 2002 1606 2054 proponentes
1630 2014 1677 2041 ac
1699 1999 1868 2055 magiae
1888 2013 1956 2051 ‚re-

1159 2072 1265 2113 tecti
1299 2071 1494 2127 cregulas
1528 2071 1747 2113 doctrinas
1777 2071 1845 2112 uel
1874 2070 1955 2112 dis-

1160 2143 1342 2199 ciplinas
1383 2157 1612 2199 magorum
1645 2142 1815 2184 ostendi
1848 2143 1954 2184 uult.
2004 2172 2007 2174 -

1098 2215 1353 2258 Reduncum
1392 2215 1515 2270 quasi
1555 2215 1634 2256 sub
1669 2217 1835 2256 rectum
1868 2229 1956 2256 sur-

1160 2302 1256 2330 sum
1287 2302 1462 2329 uersum
1497 2289 1726 2329 curuatum
1759 2286 1827 2329 cui
1860 2300 1956 2328 con-

1158 2360 1344 2402 trarium
1383 2362 1449 2401 est
1489 2359 1706 2401 obuncum
1753 2358 1955 2400 deorsum

1158 2447 1333 2474 uersum
1367 2433 1609 2473 curuatum.

1098 2503 1338 2546 Rediuiuus
1373 2503 1566 2545 exuuius.

1096 2575 1320 2617 Redimiae
1360 2589 1442 2619 res,
1466 2589 1575 2630 quae
1616 2573 1887 2616 redimuntur
1929 2588 1954 2615 a
1974 2589 2009 2615 25

1156 2646 1461 2702 praedonibus.

323 2792 352 2824 1.
379 2787 620 2823 Penthesilea
645 2801 664 2824 c
697 2790 701 2832 Ι
743 2789 880 2823 ducum
906 2800 972 2825 om.
993 2800 1012 2826 c
1043 2791 1054 2835 ΙΙ
1086 2793 1118 2824 2.
1146 2788 1260 2823 tercie
1287 2801 1310 2824 a
1345 2788 1350 2830 Ι
1398 2787 1527 2822 cedem
1554 2788 1573 2822 b
1602 2790 1613 2831 ΙΙ
1644 2790 1676 2820 4.
1703 2785 1868 2832 Pignora
1893 2787 1953 2832 (ex

201 2848 378 2895 Pignera)
399 2861 422 2883 α
444 2850 447 2890 Ι
471 2847 630 2894 pignora
649 2859 745 2893 quae
761 2850 780 2884 b
799 2848 810 2893 ΙΙ
837 2852 867 2883 6.
889 2848 1190 2894 Piriflegetontas
1212 2848 1355 2883 com-‚112
1378 2851 1382 2892 Ι
1405 2846 1601 2882 flamantia
1620 2858 1648 2882 c.
1682 2845 1955 2881 flammantiam

202 2913 286 2944 ante
312 2919 401 2943 corr.
429 2909 449 2943 b
486 2910 498 2952 ΙΙ
536 2911 567 2943 8.
594 2907 776 2943 Pumatae
804 2920 821 2943 c
843 2910 848 2953 1
872 2910 958 2944 sunt
983 2908 1097 2955 plage
1124 2921 1147 2944 α
1175 2911 1179 2952 Ι
1207 2918 1329 2953 penne
1356 2918 1421 2942 om.
1451 2908 1469 2941 b
1508 2908 1519 2950 ΙΙ
1558 2908 1588 2940 9.
1616 2904 1867 2940 INCIPIVNT
1893 2918 1917 2940 a

203 2972 257 3003 11.
287 2967 430 3002 dictum
455 2965 631 3013 relicitum
657 2969 677 3003 b
715 2970 725 3012 ΙΙ
766 2972 819 3003 12.
846 2968 1017 3003 Redubie
1043 2981 1067 3004 a
1089 2970 1093 3012 Ι
1116 2968 1293 3002 senseunt
1319 2979 1342 3001 α
1373 2967 1384 3009 ΙΙ
1424 2969 1477 3000 13.
1505 2963 1656 2999 basilici
1682 2977 1706 3000 a
1737 2966 1749 3010 ΙΙ
1782 2968 1835 3000 15.
1864 2965 1953 3011 que]

210 3058 216 3065 .
259 3057 288 3064 ..
323 3040 340 3063 c
371 3030 383 3072 ΙΙ
414 3030 470 3062 22.
497 3027 652 3062 rectecti
677 3039 695 3063 e
723 3031 726 3073 Ι
757 3027 928 3073 cregulas
955 3029 1011 3063 bc.
1052 3026 1222 3072 eregulas
1250 3038 1273 3061 a
1304 3028 1309 3070 Ι
1342 3035 1538 3070 magorum
1566 3025 1605 3059 in
1630 3036 1742 3070 marg).
1772 3024 1808 3060 b‘2
1834 3025 1918 3060 add.
1954 3038 1955 3060 Ι

202 3091 258 3123 23,
287 3086 416 3124 cui...

451 3090 648 3122 curuatum
673 3099 738 3124 om.
766 3100 790 3122 a
820 3088 832 3132 ΙΙ
863 3090 918 3122 24.
945 3085 1154 3122 Rediuinus
1181 3098 1204 3121 a
1223 3086 1234 3130 ΙΙ
