2216 3402
693 110 929 147 PLACIDVS
956 112 1086 147 LIBRI
1113 112 1405 148 GLOSSARVM

173 222 350 267 Cicures
383 222 498 278 placi
531 222 669 279 quieti
702 220 769 279 (de
795 221 870 278 ql.)

174 293 396 341 Ciddarim
416 295 584 337 cinteus
612 295 797 336 mundus
819 294 1032 350 corepites

232 367 459 410 iudeorum
491 365 559 408 die
592 356 778 408 sabbato
811 381 941 421 super
967 381 1032 408 ca-

230 439 318 494 pud
350 438 576 481 habebunt
610 437 676 493 (de
702 437 776 493 ql.)

172 509 372 553 Cieretur
405 511 620 553 diceretur
651 510 722 552 uel
754 511 986 552 uocaretur

173 581 270 626 Ciet
302 585 450 625 mouet

134 668 150 692 5
172 654 346 697 Cilones
363 668 549 710 quorum
564 653 710 708 capita
725 654 917 710 oblonga
931 657 1034 696 sunt

172 725 368 769 Cinerice
407 739 512 767 oues
547 725 702 768 cineris
736 726 927 768 colorem
961 725 1034 767 ha-

230 799 382 840 bentes

171 869 290 912 Cinis
331 869 488 912 cineris
533 870 706 926 generis
750 870 982 912 masculini
1000 869 1031 925 ¹)

230 942 377 985 omnia
417 942 596 984 nomina
636 942 775 984 latina
818 941 1033 997 simplicia

230 1014 532 1057 inanimalium
582 1014 628 1056 in
677 1014 746 1056 his
792 1013 1032 1068 desinentie

228 1087 502 1129 nominatiuo
537 1100 639 1128 casu
673 1085 886 1142 singulari
922 1101 1032 1127 mas—

231 1159 376 1202 culina
409 1161 511 1200 sunt
542 1161 592 1200 ut
625 1157 741 1200 funis
770 1157 901 1200 0111113
930 1158 1032 1213 quia

229 1231 432 1287 bipennis
466 1230 740 1286 conpositum
774 1232 841 1272 est
873 1244 1000 1286 grece

170 1304 327 1360 Ciprus
356 1302 537 1358 sisipam
565 1302 610 1344 in
630 1302 950 1357 expositionem
975 1302 1030 1344 le-

229 1376 373 1432 gimus
413 1374 572 1417 cantici
611 1375 882 1417 canticorum
915 1375 1030 1430 quod

198 1473 209 1483 -
229 1451 296 1491 est
328 1462 430 1502 zene

169 1520 344 1565 Circum
377 1520 492 1563 circa
523 1519 607 1562 huc
640 1519 744 1562 illuc

118 1604 151 1628 10
170 1592 670 1648 Circuminspectissime
703 1591 834 1633 nimis
868 1594 991 1634 acute

171 1665 298 1709 Circa
336 1668 504 1708 stercus
542 1664 654 1706 unde
693 1678 773 1706 nos
807 1679 943 1718 eaque
977 1664 1030 1706 ab

230 1753 303 1781 ore
349 1737 561 1779 abicimus
607 1750 805 1778 excreare
848 1735 1031 1778 dicimus

229 1811 273 1852 id
305 1812 373 1852 est
406 1823 591 1863 expuere

171 1883 420 1927 Cirrearum
433 1880 546 1936 quod
560 1879 683 1921 aiunt
694 1879 1032 1934 inspirationum

171 1955 244 1999 013
278 1968 431 1996 10110111
463 1954 580 1995 1111310
612 1966 764 1993 10110111

171 2028 244 2071 0113
275 2029 495 2069 certamen
534 2024 696 2066 excitat
736 2038 930 2080 pugnam
963 2024 1031 2065 uel

231 2100 478 2142 commouet

119 2180 151 2205 15
173 2171 361 2214 Citarier
393 2169 544 2212 celiter
576 2165 787 2224 moueri2)

172 2243 314 2287 Citius
347 2242 468 2298 prius

172 2316 271 2360 Cito
299 2314 452 2358 statim
477 2312 685 2355 continuo
713 2312 864 2353 exinde
892 2309 1014 2367 (Cic.)

173 2387 381 2431 Cladibus
415 2384 742 2428 calamitatibus
775 2383 963 2426 miseriis

173 2459 332 2502 Clausa
365 2459 512 2501 clausa
543 2459 705 2512 negata
756 2462 758 2464 '

118 2542 153 2567 20
173 2530 299 2575 Clam
331 2530 513 2572 distinat
545 2543 613 2570 res
646 2529 819 2571 occulta

173 2602 416 2646 0103301103
450 2600 655 2644 classicos

1866 113 1926 155 55

1072 220 1312 265 Classicum
1333 222 1451 265 canit
1466 222 1661 265 celeuma
1680 222 1804 264 nauis
1826 222 1932 265 dicit

1071 293 1247 336 0100103
1259 292 1293 351 3)
1327 294 1463 337 uestis
1496 297 1736 350 purporata

1071 365 1232 408 Clauus
1271 367 1490 408 interdum
1527 369 1679 408 acutus
1712 366 1932 408 interdum

1131 439 1475 494 gubernaculum

1073 508 1198 552 Cliba
1231 525 1386 565 aspera
1419 509 1615 553 difficilia
1952 518 1987 541 25

1073 579 1259 623 Climma
1315 596 1497 645 grecum
1552 596 1712 624 nomen
1765 584 1833 623 est
1889 581 1932 623 id

1133 655 1198 695 est
1219 654 1347 695 cardo
1369 654 1440 696 uel
1463 668 1563 709 pars
1586 654 1665 696 celi
1687 656 1736 695 ut
1756 653 1932 696 climma

1133 725 1344 767 orientale
1378 728 1422 766 et
1454 725 1630 767 climma
1662 724 1900 767 meridiana
1966 720 1968 722 ’

1072 795 1206 840 Clude
1240 797 1352 839 clam
1384 796 1454 838 uel
1488 797 1656 839 occulte

1072 867 1359 911 Clunaculum
1378 867 1616 924 pugionem
1637 868 1801 910 dictum
1819 869 1932 923 quod

1132 941 1185 982 ad
1219 940 1366 982 clunes
1400 940 1610 996 religetur
1643 939 1757 982 idem
1791 943 1916 995 spata

1072 1012 1249 1055 Cluram
1288 1012 1359 1054 uel
1398 1012 1573 1068 glurum
1612 1011 1786 1053 simiam
1825 1011 1943 1052 alias.

1131 1084 1443 1140 circopeticum

1071 1155 1286 1199 0001313110
1321 1170 1497 1212 grecum
1524 1158 1592 1198 est
1624 1155 1668 1197 id
1694 1158 1762 1197 est
1793 1157 1927 1197 tauer-
1954 1163 1987 1188 30

1130 1229 1279 1271 narius

1071 1301 1248 1344 Cocitos
1276 1316 1425 1343 amnes
1459 1299 1639 1342 flumina
1672 1300 1800 1356 ignea
1827 1301 1934 1354 aput

1129 1373 1292 1415 inferos
1325 1374 1368 1415 id
1402 1376 1468 1415 est
1501 1373 1545 1414 111
1579 1373 1757 1414 baratro

1070 1445 1244 1488 Co‘culis
1287 1445 1424 1487 aereis
1466 1445 1584 1487 uasis
1624 1444 1677 1486 ad
1717 1459 1932 1500 quoquen-

1130 1518 1233 1559 dum
1264 1518 1334 1559 uel
1368 1518 1525 1560 assulis
1560 1516 1692 1559 aridis

1071 1588 1185 1632 Coeo
1217 1590 1428 1632 conuenio

1071 1660 1238 1717 Coepta
1271 1662 1473 1717 incoepta
1507 1661 1749 1716 composite
1790 1663 1933 1702 mutat

1130 1733 1198 1791 (de
1222 1733 1296 1789 μί.)

1071 1806 1260 1849 Coerciti
1293 1805 1502 1848 uindicati
1534 1806 1578 1847 id
1608 1807 1675 1847 est
1702 1804 1747 1846 in
1773 1805 1931 1860 quibus
1953 1812 1986 1837 35

1132 1879 1295 1921 crimen
1345 1878 1526 1933 punitur
1571 1892 1768 1919 coercere
1819 1876 1933 1919 enim

1132 1953 1199 1992 est
1226 1949 1448 1992 uindicare
1475 1949 1577 1990 item
1609 1963 1805 1991 coercere
1833 1948 1932 1990 dici—

1133 2037 1228 2064 mus
1268 2021 1582 2064 circumuenire
1622 2023 1671 2063 ut
1709 2021 1932 2063 ciuitatem

1131 2094 1250 2136 fossa
1282 2094 1350 2136 uel
1387 2108 1589 2149 campum
1623 2093 1781 2135 fluuius

1072 2165 1256 2208 Coetum
1291 2181 1445 2223 agrum
1477 2181 1679 2208 κακυανα
1711 2166 1862 2208 0001110

1072 2238 1238 2295 Cogere
1254 2239 1300 2280 in
1310 2239 1487 2281 uincula
1499 2238 1674 2280 mittere
1685 2238 1752 2280 uel
1771 2238 1933 2280 lactare

1073 2309 1199 2354 Coire
1233 2310 1324 2353 sine
1357 2311 1386 2352 h
1421 2309 1697 2352 scribendum

1072 2382 1290 2438 Colipium
1324 2397 1460 2439 genus
1494 2382 1689 2424 carnium
1717 2382 1831 2437 quod
1866 2382 1933 2422 ad-

1131 2456 1216 2497 lete
1243 2458 1480 2497 uescuntur
1507 2455 1556 2496 de
1579 2454 1774 2509 corporis
1802 2453 1933 2495 firmi-

1131 2530 1223 2569 tate
1257 2542 1306 2569 ac
1337 2526 1474 2569 fortes
1509 2526 1597 2568 sint

1073 2599 1296 2642 Collocare
1330 2599 1537 2654 deputare
1954 2615 1987 2639 40

271 2782 306 2825 1)
331 2778 532 2815 masculini
558 2791 584 2815 s.
611 2790 677 2815 scr.
711 2780 722 2824 ΙΙ
754 2779 789 2823 2)
815 2777 828 2812 i
854 2789 898 2813 eac
925 2788 945 2813 e
970 2789 1062 2813 corr.
1095 2779 1106 2822 Η
1139 2779 1175 2822 3)
1202 2788 1226 2810 11
1252 2781 1337 2812 ante
1363 2788 1379 2810 3
1405 2786 1485 2820 sup.
1511 2786 1578 2810 scr.
1605 2786 1649 2809 m.
1666 2780 1690 2809 :3
1723 2774 1734 2816 ΙΙ

273 2940 304 2969 2.
339 2933 478 2969 linteus
507 2935 512 2978 1
537 2933 616 2969 dies
645 2938 650 2979 ι
679 2935 794 2980 caput
821 2935 825 2980 Ι
857 2933 1054 2968 habebant
1084 2934 1147 2978 117.
1176 2930 1318 2965 cineres
1348 2932 1352 2976 Ι
1383 2928 1622 2965 desinenciae
1653 2929 1664 2974 ΙΙ
1696 2932 1727 2964 8.
1755 2927 1933 2963 cumatici

177 2993 409 3029 canticorum
431 2997 434 3032 t
457 2994 568 3028 tenae
594 2994 605 3038 ΙΙ
633 2983 687 3029 15.
715 2992 900 3029 Citharier
923 2996 927 3037 Ι
951 2992 1123 3028 celeriter
1148 2994 1159 3037 ΙΙ
1189 2994 1243 3024 19.
1273 2989 1399 3024 010130
1426 2989 1555 3024 010030
1580 2989 1719 3023 nexata
1743 2989 1755 3033 ΙΙ
1787 2991 1842 3023 20.
1872 2987 1933 3023 de-

177 3053 296 3088 stinat
332 3054 344 3098 ΙΙ
381 3055 438 3088 23.
465 3054 672 3098 purpurata
708 3055 720 3098 ΙΙ
758 3057 814 3088 29.
842 3051 1109 3098 circopeticum
1146 3052 1158 3096 ΙΙ
1195 3053 1251 3084 31.
1280 3050 1444 3094 0111110311
1476 3052 1531 3084 32.
1561 3047 1677 3083 asulis
1709 3050 1720 3093 ΙΙ
1752 3051 1808 3083 35.
1837 3046 1933 3082 uidi-

177 3124 262 3149 care
286 3115 290 3159 1
312 3108 423 3147 fluius
455 3113 466 3158 ΙΙ
498 3115 554 3147 36.
581 3125 747 3148 κακιοινα
779 3114 791 3158 ΙΙ
823 3116 879 3148 38.
906 3113 939 3147 h.
970 3123 1037 3148 om.
1061 3115 1065 3155 l
1087 3111 1235 3145 firmate
1257 3110 1262 3154 l
1285 3110 1328 3143 ut
1358 3110 1370 3154 ΙΙ
