2216 3402
190 149 245 190 86

249 259 358 301 lauit
392 273 490 300 eum
523 260 565 298 et
598 255 744 297 arbori
775 256 947 309 partem
977 252 1051 294 ali-

251 346 335 386 qua
366 330 435 372 uel
469 328 627 371 edificii
660 327 830 369 auferat

171 420 173 422 ’
192 401 350 444 Μ111110
372 400 567 443 inminuo
589 398 761 456 generis
782 397 902 439 hacti
928 397 1053 439 uerbi

139 1280 171 1304 10

192 473 267 515 Mu
289 473 428 515 adhuc
449 472 494 513 in
515 470 827 514 consuetudine
855 472 922 512 681
941 470 1053 511 unde

252 547 295 587 et
329 543 497 600 mugire
531 543 714 586 dicimus

190 688 385 744 Nageum
417 687 600 743 nugium
633 687 824 742 palleum
861 688 1036 727 tenuem

191 760 354 803 Naidas
370 760 630 803 comitatum
649 773 741 800 esse
758 757 908 800 ueneri
930 757 1053 799 aiunt

249 831 410 888 pagani
445 831 510 887 (dc
537 829 612 888 91.)

191 904 402 946 Namfure
419 903 533 959 quod
554 903 877 958 medicinapton
892 904 1052 944 uocant

192 976 337 1018 Nandi
368 975 550 1018 natandi
583 973 650 1032 (de
676 974 750 1030 91.)

191 1047 353 1090 Narria
384 1047 518 1103 piscis

194 1120 362 1163 Narthe
378 1123 515 1162 terem
527 1119 701 1174 auspice
715 1117 1050 1174 1118611111(ιῖ691.)

192 1191 428 1235 Nasiterna
461 1206 672 1246 aquarum
704 1205 782 1232 uas

192 1263 378 1306 Nauiter
416 1267 483 1306 est
520 1263 629 1305 bene
672 1265 716 1304 et
756 1261 970 1303 industrie
1009 1263 1052 1302 et

252 1339 377 1379 caute
406 1339 481 1378 aut
513 1335 638 1378 nauis
666 1335 716 1377 fit
742 1334 812 1376 uel
842 1348 1052 1391 guuerna-

251 1412 322 1451 tor
354 1411 546 1451 tractum
578 1407 680 1449 naui
712 1407 824 1448 unde
857 1405 961 1447 naui
994 1405 1051 1446 di-

252 1483 409 1522 cuntur
440 1480 544 1522 boni
577 1478 727 1536 ignaui
760 1478 945 1520 stultum

192 1551 355 1594 Natam
382 1555 426 1594 et
457 1552 655 1594 nauitam
687 1551 792 1592 haec
826 1548 1051 1591 distinctio

252 1626 320 1665 est
369 1624 520 1666 nauita
570 1623 792 1679 poeticum
838 1623 904 1663 est
950 1635 1053 1662 nam

252 1699 420 1738 rectum
447 1699 514 1738 est
545 1698 679 1738 nauta
706 1695 780 1736 sed
808 1708 983 1736 causam
1010 1696 1052 1734 et

253 1767 339 1809 tria
370 1769 488 1823 potis
515 1783 601 1810 una
632 1767 780 1809 littera
813 1765 960 1808 addita
987 1768 1053 1807 est

191 1838 233 1881 Ν
237 1843 365 1881 autea
394 1855 506 1895 aqua
533 1840 700 1882 corium
726 1839 862 1880 fetida
894 1837 939 1879 in
966 1852 1051 1892 qua

253 1912 371 1954 coria
402 1914 679 1955 macerantur
713 1911 779 1967 (de
806 1908 879 1965 9ἷ.)

193 1983 260 2026 Ν6
286 1984 505 2026 interdum
526 1983 781 2025 aduerbium
807 1980 1052 2037 proibentis

253 2055 473 2099 interdum
505 2055 752 2098 interiectio
787 2057 854 2096 est
886 2052 953 2110 (de
979 2052 1054 2108 91.)

193 2127 286 2170 Ν66
319 2129 484 2172 ciccum
515 2128 626 2169 nihil
659 2127 724 2184 (dc
752 2126 826 2182 91.)

161 2219 173 2242 5
196 2200 460 2243 Nefrendem
492 2200 705 2242 infantem
736 2199 929 2241 nondum
956 2199 1053 2240 den-

255 2275 397 2314 tatum
437 2273 512 2328 qui
550 2272 746 2314 frendere
781 2270 926 2313 cibum
967 2286 1054 2312 11011

256 2346 388 2398 queat
420 2344 463 2386 id
497 2347 562 2386 est
596 2344 796 2400 frangere
830 2342 895 2399 (de
922 2340 995 2398 91.)

196 2414 446 2472 Neglegens
473 2431 574 2458 usus
600 2416 793 2458 obtinuit
819 2417 1053 2469 utrumque

255 2503 333 2542 per
365 2501 393 2543 g
428 2488 625 2542 quamuis
659 2491 702 2530 61
734 2501 811 2542 per
845 2501 866 2528 6
898 2487 944 2528 111
979 2486 1054 2527 ali-

709 143 943 179 PLACIDVS
962 114 1099 180 ⁴LIBRI
1127 144 1420 183 GLOSSARVM

1151 257 1247 313 quis
1292 258 1466 313 legatur
1513 256 1614 311 quia
1659 270 1681 298 6
1726 256 1771 311 gi
1816 272 1951 298 unum

1150 344 1258 384 pene
1310 331 1413 371 sunt
1436 327 1448 357 s
1461 343 1563 371 nam
1609 327 1735 385 gaius
1780 343 1878 370 cum
1922 343 1950 385 g

1152 402 1244 443 sola
1277 402 1336 443 sit
1368 401 1615 443 inuenimus
1646 415 1724 456 per
1751 415 1772 443 c
1799 403 1844 443 61
1873 416 1951 456 per

1152 488 1180 530 g
1212 473 1404 529 positam
1431 488 1534 530 ergo
1562 474 1644 516 hoc
1671 473 1952 529 participium

1150 546 1219 588 uel
1265 561 1423 589 nomen
1462 561 1513 588 ex
1551 546 1720 588 duobus
1766 546 1951 603 integris

1152 618 1430 674 conpositum
1451 621 1518 660 681
1543 618 1848 660 coniunctione
1870 618 1952 660 dis-

1150 690 1346 733 iunctiua
1402 694 1446 733 et
1508 691 1657 747 legens
1719 689 1951 746 participio

1153 763 1267 817 quod
1307 763 1344 804 81
1383 764 1542 819 gradus
1581 763 1743 804 habeat
1781 765 1824 804 et
1869 761 1953 804 erit

1151 849 1309 877 nomen
1323 837 1373 877 ut
1392 835 1629 890 neglegens
1647 833 1952 890 neglegentior

1150 907 1564 964 neglegentissimus
1585 906 1866 962 participium
1880 920 1951 948 ne-

1151 979 1332 1036 glegens
1382 980 1609 1035 neglectus
1655 978 1951 1035 neglegendus

1149 1050 1292 1107 (Isid.)

1092 1122 1291 1164 Neminis
1324 1124 1487 1165 nullius

1092 1193 1279 1237 Neniam
1317 1195 1449 1237 finem
1492 1195 1600 1237 alias
1634 1210 1809 1238 carmen
1841 1210 1952 1238 mor-

1150 1270 1326 1310 tuorum

1089 1338 1255 1382 Nemus
1307 1339 1600 1383 deleramenta
1649 1342 1723 1383 sed
1776 1341 1952 1396 proprie

1151 1427 1326 1455 carmen
1356 1412 1537 1455 funebre
1571 1411 1638 1469 (de
1660 1411 1737 1470 91.)

1091 1483 1216 1540 Nepa
1243 1485 1438 1540 scorpios
1467 1500 1548 1540 que
1574 1488 1702 1528 natos
1734 1487 1953 1529 consumit

1150 1556 1236 1599 nisi
1263 1572 1362 1599 eum
1383 1557 1458 1611 qui
1479 1557 1608 1599 dorso
1629 1557 1721 1600 eius
1742 1558 1953 1601 inheserit

1151 1644 1324 1671 rursum
1357 1629 1449 1684 ipse
1481 1629 1555 1685 qui
1588 1632 1787 1672 seruatus
1819 1630 1954 1673 fuerit

1152 1701 1372 1743 consumit
1416 1704 1588 1756 patrem
1633 1702 1746 1744 unde
1792 1706 1836 1745 et
1879 1703 1954 1746 ho-

1149 1773 1288 1815 mines
1328 1773 1401 1828 qui
1446 1774 1561 1816 bona
1604 1777 1839 1829 parentum
1875 1791 1954 1831 per

1149 1845 1366 1887 luxoriam
1394 1849 1658 1888 consumunt
1682 1850 1865 1902 nepotes
1894 1848 1953 1890 di-

1151 1921 1309 1960 cuntur
1358 1917 1461 1960 hinc
1507 1933 1677 1973 quoque
1725 1919 1952 1974 nepotatio

1152 2004 1231 2045 pro
1270 1989 1442 2031 luxoria
1482 1990 1664 2045 ponitur
1706 2004 1791 2045 qua
1836 1993 1952 2032 certe

1154 2076 1325 2116 quoque
1340 2075 1409 2103 res
1426 2064 1789 2103 consummuntur
1803 2061 1869 2118 (de
1876 2060 1950 2118 91.)

1092 2132 1240 2189 Nepos
1272 2133 1520 2175 luxoriosus
1553 2131 1675 2190 (Cic.)

1091 2205 1310 2261 Neptibus
1343 2204 1589 2247 luxoriosus

1089 2277 1325 2333 Nepticula
1357 2291 1425 2318 res
1459 2277 1721 2320 brebissima

1091 2348 1371 2404 Nequiquam
1422 2351 1466 2389 et
1510 2364 1599 2391 non
1644 2350 1863 2406 significat
1908 2353 1951 2392 et

1150 2435 1239 2462 non
1270 2419 1334 2461 ita
1367 2423 1410 2462 et
1442 2436 1531 2462 non
1562 2421 1669 2464 adeo

1091 2491 1296 2534 Nesciate
1329 2491 1538 2547 inquirite

196 2642 365 2686 aliquam
401 2644 412 2686 Η
451 2646 481 2678 1.
515 2641 632 2676 actiui
667 2641 774 2676 uerbi
805 2652 849 2676 ex
881 2642 984 2678 baeti
1016 2645 1123 2680 uerbi
1155 2657 1246 2682 corr.
1286 2648 1297 2691 ΙΙ
1334 2649 1367 2681 4.
1402 2645 1548 2680 ueneris
1581 2658 1625 2682 ex
1659 2646 1788 2681 ueneri
1823 2658 1914 2683 corr.
1941 2647 1952 2693 ΙΙ

197 2705 228 2737 5.
256 2700 393 2736 medici
418 2703 563 2748 naptan
594 2703 606 2747 11
641 2704 693 2736 10.
721 2701 952 2747 gubernator
977 2714 1021 2739 ew
1046 2706 1276 2749 guuernator
1302 2716 1394 2741 corr.
1429 2706 1434 2749 i
1469 2706 1632 2740 tractum
1659 2718 1681 2740 a
1713 2718 1758 2741 ea:
1788 2708 1952 2742 tractum

197 2797 289 2821 corr.
309 2787 320 2830 ΙΙ
342 2789 395 2820 11.
424 2785 592 2821 Nautam
617 2787 655 2820 61
678 2788 681 2830 Ι
706 2784 903 2820 distinecio
927 2789 931 2830 Ι
955 2797 1107 2837 causam
1126 2790 1164 2821 61
1189 2768 1364 2834 trigtpotis
1390 2800 1436 2823 m.
1452 2793 1484 2834 1,
1512 2800 1626 2824 eausa
1651 2789 1762 2825 metri
1783 2802 1805 2825 a
1829 2791 1952 2836 poetis

198 2849 279 2880 1114
310 2847 322 2891 ΙΙ
355 2850 409 2882 12.
438 2845 580 2881 corium
606 2857 649 2881 ex
675 2856 802 2880 corum
828 2856 918 2882 corr.
955 2848 958 2889 1
994 2848 1232 2881 macerantur
1258 2859 1301 2882 ew
1326 2849 1566 2882 mavei-untur
1591 2859 1680 2885 corr.
1714 2852 1725 2895 ΙΙ
1764 2853 1819 2885 16.
1844 2850 1953 2897 perig

199 2905 371 2949 quamuis
395 2908 399 2951 Ι
423 2918 442 2940 6
467 2918 533 2942 om.
558 2909 562 2950 Ι
585 2906 734 2952 legatur
760 2905 835 2952 cigi
857 2908 861 2951 1
884 2917 1043 2950 cumque
1070 2906 1149 2940 sola
1172 2907 1177 2954 1
1201 2906 1411 2941 inuenimus
1438 2919 1505 2952 pro
1532 2907 1567 2943 61
1590 2912 1593 2953 Ι
1621 2909 1916 2955 pr0{p0situm
1945 2912 1949 2957 1

199 2965 402 3010 neglegens
428 2966 676 3013 neglegentur
710 2967 714 3010 1
749 2965 991 3012 participium
1017 2967 1054 3001 et
1079 2966 1208 3013 legens
1243 2970 1248 3013 1
1282 2966 1471 3002 11661661118
1501 2970 1504 3011 Ι
1539 2968 1746 3014 neglendus
1779 2971 1790 3015 ΙΙ
1823 2973 1877 3005 18.
1906 2969 1951 3004 de

200 3024 363 3070 orthogr.
391 3026 466 3060 cod.
510 3028 522 3070 ΙΙ
569 3028 620 3059 19.
656 3024 795 3060 Nenias
837 3028 841 3069 Ι
883 3025 1130 3060 deliramenta
1161 3038 1206 3062 eae
1238 3026 1494 3061 deleramenta
1525 3039 1615 3064 corr.
1652 3030 1656 3074 Ι
1697 3028 1794 3074 plac.
1826 3030 1901 3064 cod.
1941 3030 1951 3073 ‘j

201 3088 256 3118 20.
284 3084 448 3129 scorpios
476 3096 518 3119 eac
545 3083 724 3129 sicorpios
751 3096 842 3120 corr.
879 3089 882 3129 Ι
918 3085 982 3129 qui
1017 3088 1021 3130 Ι
1057 3086 1243 3121 consumit
1269 3099 1312 3122 ex
1338 3089 1535 3122 consumat
1560 3099 1650 3124 corr.
1677 3091 1688 3133 ΙΙ
1726 3092 1782 3124 23.
1808 3087 1951 3123 breuis-

201 3143 296 3178 sima
322 3155 366 3180 ex
391 3142 616 3178 brebissima
641 3156 732 3180 corr.
754 3146 764 3189 Η

1973 1498 2007 1523 20

1973 2517 2006 2543 25
