2257 3490
697 138 1005 175 GLOSSARIVM
1034 138 1175 174 AMPL.
1205 123 1469 174 SECVNDVM
1870 140 1955 180 313

203 249 368 292 Nector
410 249 496 291 mel
528 249 620 291 siue
652 249 775 292 dulce
807 249 959 291 uinum
990 249 1061 291 uel

263 321 410 377 potius
443 322 621 363 deorum

205 392 405 435 Nefanda
435 392 705 435 nondicenda

206 464 370 507 Nenias
398 479 465 506 res
493 479 787 519 superuacuus
808 466 877 507 uel
899 467 1062 521 species

205 535 485 591 Nequiquam
517 536 682 578 frustra
714 536 941 579 since-ausa

171 618 187 643 5
207 608 304 650 Nex
337 622 454 649 mors
487 607 750 662 supplicium

206 679 396 722 Neentes
429 679 504 720 fila
534 681 790 734 torquentes

207 751 389 794 Necnon
421 750 493 792 sed
528 754 570 791 et

208 823 301 866 Nec
334 823 513 878 opinum
544 838 623 865 nec
657 826 934 879 expectatum

64 895 372 938 folflssuNenias
406 895 571 950 species

156 980 189 1005 10
209 967 390 1010 Nefario
425 966 636 1009 scelerato

209 1039 353 1082 Neum
385 1039 556 1081 macula

208 1110 523 1154 Necromantia
556 1115 828 1154 mortuorum
854 1113 1067 1155 diuinatio

270 1186 314 1225 et
359 1183 560 1238 quotiens
607 1184 774 1226 animae
820 1186 874 1227 ab
917 1185 1069 1227 inferis

269 1258 508 1297 euocantur

173 1356 176 1360 -
210 1327 500 1369 Neomenium
532 1328 807 1371 nouilunium

210 1398 430 1441 Neoffitus
462 1400 581 1441 rudis
613 1401 800 1443 nouellis

158 1482 192 1508 15
211 1471 379 1514 Neuter
410 1475 739 1515 nemonostrum

211 1543 311 1585 Neu
342 1544 512 1586 macula

211 1615 384 1658 Neuula
429 1616 630 1660 indoctor
675 1619 891 1661 uallorum
905 1618 938 1675 1)
978 1619 1070 1661 siue

271 1688 386 1731 latro
402 1687 437 1745 2)

213 1760 335 1802 Neue
367 1776 506 1816 neque

214 1832 339 1874 Nexa
371 1832 574 1876 coniucta
605 1834 743 1890 ligata

160 1921 194 1946 20
215 1904 503 1948 Necessitudo
545 1921 703 1948 nomen
745 1907 881 1949 totius
925 1908 1072 1949 adfini-

273 1975 379 2019 tatis

215 2047 312 2091 Neu
360 2064 469 2092 neue
521 2051 727 2093 aduerbia
778 2054 880 2093 sunt
929 2052 1074 2107 prohi-

273 2122 404 2164 bendi

214 2193 502 2249 Nequaquam
534 2209 624 2236 non

215 2266 571 2322 Necdubitoquin
603 2266 730 2321 plena
758 2268 955 2323 operatio
988 2285 1076 2312 non

276 2341 344 2380 est
388 2339 461 2380 sed
506 2339 656 2381 addito
700 2339 835 2382 uerbo
880 2341 963 2383 hoc
1009 2344 1076 2383 est

276 2411 431 2453 feceris
465 2411 688 2466 expletum
721 2411 862 2453 oratio

218 2481 426 2524 Nefatum
459 2483 718 2525 etnefarium
752 2499 885 2526 unum
918 2486 985 2526 est
1017 2487 1077 2526 et-

277 2554 538 2597 sceleratum
876 2556 880 2559 “

165 2643 199 2669 25
218 2626 382 2669 Nectar
414 2641 550 2683 genus
585 2627 729 2669 odoris
762 2628 866 2670 boni

220 2697 453 2741 Nectarius
486 2699 677 2741 odorifer

220 2769 381 2812 Nebris
415 2770 582 2813 corium
615 2772 732 2814 cerui

219 2841 501 2885 Nebristiane
523 2843 690 2885 corium
711 2843 836 2885 diane
859 2844 959 2899 quia
980 2860 1078 2887 cum

282 2929 409 2957 ceruo
441 2915 640 2971 pingitur

1099 249 1387 292 Necessitudo
1421 249 1617 291 amicalis
1650 249 1822 291 affectio

1100 320 1288 362 Nefandi
1320 321 1459 376 iniqui
1979 334 2014 359 30

1101 392 1287 435 Nefutas
1321 392 1448 434 arade
1483 395 1629 433 aratro

1102 464 1248 507 Necne
1283 467 1447 505 autnon

1103 536 1271 590 Nempe
1305 535 1472 578 scilicet
1504 551 1656 579 reuera
1677 540 1864 593 ‚gpanto

1105 607 1270 650 Nenior
1302 607 1574 663 uanaloquor

1104 679 1269 721 Neniae
1301 694 1482 721 uenares
1981 692 2016 717 35

1105 751 1345 806 Negotium
1379 765 1486 805 opus
1501 750 1538 807 3)

1104 822 1263 877 Nimpe
1295 837 1437 864 nonne

1104 894 1322 936 Nicolatis
1355 894 1539 936 dactulis

1105 967 1249 1009 Nictit
1282 967 1504 1010 caniscum
1538 970 1687 1010 accute
1722 968 1875 1023 gannit

1106 1039 1163 1081 Ni
1195 1040 1280 1081 nisi
1313 1039 1440 1081 sinon
1984 1053 2019 1077 40

1107 1112 1264 1154 Nitens
1297 1111 1552 1153 incumbens

1108 1184 1298 1226 Nitellae
1333 1182 1498 1225 nitores
1531 1173 1667 1225 dimin

1108 1255 1272 1298 Nidore
1306 1255 1444 1298 fetore

1109 1328 1297 1370 Nimbus
1331 1330 1569 1382 tempestas

1109 1399 1255 1441 Ninisi
1288 1399 1414 1441 sinon
1989 1411 2023 1436 45

1109 1471 1304 1527 Nimpha
1330 1471 1455 1528 uirga
1481 1472 1653 1514 celestis
1676 1472 1744 1513 uel
1766 1470 1968 1529 numen4)

1170 1559 1304 1599 aeque

1109 1616 1310 1658 Nibabus
1344 1617 1593 1671 splendidus

1111 1688 1322 1744 Nimquid
1353 1703 1442 1730 non
1475 1688 1639 1744 aliquid

1110 1760 1332 1802 Nimirum
1347 1759 1382 1816 5)
1438 1760 1564 1803 ualde
1619 1761 1826 1802 nimirum
1878 1761 1969 1801 sine

1172 1833 1303 1874 dubio

1111 1904 1150 1946 N
1155 1904 1346 1946 imnarus
1369 1905 1489 1947 cuius
1511 1920 1619 1946 uxor
1640 1905 1867 1947 mechatur
1887 1904 1969 1946 scit
1992 1916 2028 1942 50

1112 1976 1238 2019 Nitet
1271 1977 1471 2032 splendet
1504 1978 1621 2020 lucet

1112 2048 1244 2091 Nitor
1278 2049 1477 2104 splendet

1113 2121 1252 2163 Nixus
1285 2121 1541 2164 incumbens

1112 2193 1253 2236 Nidor
1286 2194 1391 2236 odor
1423 2194 1603 2235 adustus

1113 2265 1272 2321 Niquis
1304 2265 1448 2321 niquis
1991 2276 2025 2300 55

1113 2337 1260 2380 Ninisi
1291 2337 1484 2393 nisiquia

1113 2409 1254 2452 Nihili
1286 2410 1449 2452 nullius
1482 2410 1693 2452 momenti
1729 2412 1872 2452 totum
1905 2412 1972 2451 est

1173 2497 1251 2537 per
1290 2497 1440 2524 omnes
1481 2497 1606 2524 casus
1647 2485 1691 2524 et
1730 2482 1870 2524 omnis
1905 2495 1975 2537 ge-

1173 2555 1289 2596 neris
1323 2557 1390 2596 est
1446 2556 1451 2562 ’

1116 2627 1215 2669 Nisi
1248 2627 1375 2668 sinon

1117 2699 1340 2741 Ninnarus
1372 2699 1536 2741 morior

1117 2771 1307 2813 Niueum
1339 2771 1513 2826 plenum
1995 2780 2029 2805 60

1116 2842 1281 2885 Niuata
1314 2857 1428 2897 aqua
1459 2843 1688 2884 exniuibus
1721 2842 1838 2884 facta

1116 2914 1214 2958 Niti
1248 2929 1402 2957 conare
1436 2913 1644 2969 temptari

319 3082 354 3126 1)
387 3092 408 3115 o
435 3092 506 3126 pro
534 3091 556 3114 a
581 3092 672 3116 corr.
699 3093 744 3116 m.
769 3086 788 3116 1
832 3084 844 3125 ΙΙ
886 3083 924 3127 2)
956 3093 978 3116 a
1004 3093 1075 3127 pro
1101 3080 1114 3115 i
1139 3092 1230 3116 corr.
1258 3092 1302 3115 m.
1327 3084 1343 3114 1
1389 3082 1401 3124 11
1445 3081 1480 3125 3)
1513 3090 1602 3125 opes
1628 3082 1713 3114 ame
1738 3089 1829 3114 corr.
1856 3090 1900 3113 m.
1917 3082 1936 3113 1
1966 3078 1977 3119 ΙΙ

222 3143 257 3186 4)
284 3140 438 3175 nuhnen
464 3144 547 3176 ante
573 3152 664 3177 corr.
691 3152 736 3176 m.
757 3144 777 3176 1
810 3142 822 3186 ΙΙ
853 3142 889 3187 5)
914 3140 1127 3176 Niminmm
1153 3145 1237 3177 ante
1262 3150 1353 3176 corr.
1380 3151 1424 3175 m.
1446 3143 1464 3174 1
1498 3141 1510 3183 ΙΙ
