2216 3402
234 136 288 176 68

230 244 662 300 Exuperantissimus
696 242 1034 297 inexuperabilis

231 316 366 357 Exuri
387 316 546 358 dicitur
566 316 616 356 de
643 330 728 370 quo
755 314 864 355 nihil
892 317 1089 369 superest

291 388 476 430 incendii
493 387 602 428 unde
618 386 732 441 quod
749 389 926 440 superat
942 389 1089 428 ustum

231 459 398 500 Exuuie
432 458 672 500 exinaniter

231 531 397 572 Exuuie
442 533 749 584 nuncupantur
790 529 963 571 tunicae
1004 544 1086 571 ser-

290 606 470 657 pentum
498 617 546 643 eo
577 602 690 656 quod
723 601 793 642 his
821 602 992 656 quando
1027 616 1087 643 se-

290 676 471 715 nescant
491 688 583 715 sese
600 676 758 714 exeunt
773 673 931 728 quibus
947 672 1088 714 exutis

289 746 333 786 in
384 745 606 786 iuuentam
658 745 837 786 redeant
890 745 1090 786 dicuntur

289 817 404 858 enim
462 817 615 871 61111616
666 821 709 859 61
760 817 935 871 1111161116
989 817 1090 872 quia

290 891 505 930 exuuntur
537 891 581 930 et
613 889 851 930 induuntur

192 1103 440 1145 5Fabicora
483 1104 763 1158 prouerbium
809 1104 854 1145 in
897 1118 969 1146 eos
1015 1104 1087 1158 qui

289 1176 341 1216 ad
369 1175 620 1217 domesticis
648 1174 868 1217 alimentis
895 1176 962 1217 1181
989 1176 1086 1217 61118

288 1248 540 1288 laborarent
586 1246 750 1288 dictum
791 1248 843 1289 ab
885 1262 934 1289 60
975 1248 1088 1302 quod

290 1318 545 1373 capitolium
596 1317 816 1372 edificanti
866 1319 1087 1374 tarquinio

289 1390 438 1432 fabros
488 1405 537 1431 66
582 1393 821 1432 structores
867 1391 1088 1433 cornicum

291 1476 368 1503 suo
400 1462 522 1503 uictu
554 1462 767 1503 miserunt

231 1533 390 1574 Fabisa
434 1548 611 1588 especus
657 1533 773 1587 fosse
819 1535 1004 1589 quedam
1046 1535 1088 1576 in

291 1605 496 1659 capitolio
531 1620 612 1660 que
645 1605 690 1646 in
730 1606 907 1648 modum
947 1607 1088 1648 cister-

293 1691 444 1717 narum
484 1679 633 1718 eauete
667 1677 941 1732 excipiebam
980 1678 1092 1720 dona

291 1748 403 1789 iouis
443 1747 479 1788 si
519 1763 604 1803 qua
643 1752 818 1791 uetusta
857 1743 980 1791 erant
1017 1750 1092 1791 ho-

291 1819 457 1860 minum
492 1834 516 1859 a
548 1819 673 1876 fruge
708 1821 847 1862 (landa

233 1890 476 1932 Fabonium
499 1891 646 1932 odium
667 1892 762 1934 leue
784 1895 828 1934 et
848 1893 940 1934 sine
962 1908 1091 1935 causa

292 1963 414 2004 uelut
447 1978 471 2004 a
503 1966 635 2004 uento
670 1963 900 2006 collectum

234 2034 366 2076 Fabri
411 2035 649 2089 compitum
695 2036 770 2077 ubi
813 2052 927 2079 nunc
972 2037 1091 2079 lacus

294 2106 492 2160 captiuos
521 2107 570 2147 de
597 2107 800 2149 hostibus
828 2109 1092 2163 reciperatos

293 2178 445 2219 domus
473 2178 656 2220 fabricia
682 2177 854 2235 ducta¹)
877 2182 944 2221 est
966 2178 1091 2236 (Cic.)

234 2249 345 2291 Face
378 2249 537 2291 faciam
570 2249 639 2291 uel
673 2250 812 2291 dicam

184 2335 213 2358 ιο
234 2321 457 2363 Facessite
479 2324 545 2362 est
569 2321 941 2376 frequentantium
962 2322 1092 2363 facite

295 2392 477 2434 dicimus
511 2396 554 2434 et
586 2393 693 2435 facis
728 2394 809 2435 site
849 2392 1091 2435 redicamus

234 2464 420 2506 Facetiis
454 2464 561 2506 iocis
589 2463 801 2521 losibus2)
835 2464 998 2506 salibus
1025 2480 1092 2506 ur-

295 2535 490 2577 banitate

237 2607 374 2649 Facili
407 2606 623 2664 fallaciass)
658 2624 682 2650 a
714 2608 813 2650 fuco
847 2607 963 2649 dicta

237 2678 496 2720 Faciliorem
527 2674 737 2721 leuiorem
771 2680 892 2721 cuius
927 2681 1093 2720 6011116-

745 134 802 168 PL
810 133 980 169 ACIDVS
1006 133 1135 168 LIBRI
1162 133 1452 169 GLOSSARVM

1186 243 1300 284 rium
1357 246 1423 284 est
1473 243 1763 286 difficiliorem
1819 243 1862 285 id
1920 246 1986 285 est

1151 329 1365 371 ¹grauem
1440 321 1446 325 ’

1128 386 1314 428 Facinus
1348 401 1474 428 omne
1506 386 1672 428 factum

1128 458 1289 499 Factus
1334 458 1411 499 illa
1454 473 1523 499 res
1562 458 1722 500 dicitur
1760 461 1804 500 et
1842 457 1984 500 factus
2007 469 2039 494 15

1175 530 1308 577 ,illum
1335 545 1426 571 rem
1447 532 1495 571 ut
1522 529 1558 570 si
1580 529 1696 571 dicas
1719 530 1896 571 effectus
1919 532 1986 571 est

1187 617 1286 643 caro
1299 605 1342 643 et
1357 601 1535 643 effectus
1548 604 1614 642 est
1626 616 1799 643 carnem
1815 601 1888 643 sed
1901 616 1986 642 me-

1186 673 1269 714 liu's
1289 672 1561 715 nominatiuo
1584 688 1714 727 quam
1735 673 1985 714 accusatiuo

1128 744 1262 786 Facul
1295 744 1422 786 facile

1128 815 1291 857 Facula
1323 816 1439 858 dicta
1471 832 1520 858 60
1555 817 1669 871 quod
1701 816 1821 858 focos
1854 815 1988 858 faciat

1186 886 1254 928 fos
1288 887 1403 928 enim
1436 888 1551 943 ignis
1585 891 1652 930 681
1781 897 1784 900 ’
1878 916 1893 932 ,

1128 958 1332 1001 Facultas
1364 959 1636 1014 possibilitas
1668 963 1866 1014 potestas

1127 1030 1332 1072 Facultas
1383 1031 1713 1073 matrimonium
1768 1030 1987 1086 possibili-

1185 1100 1301 1158 tas4)
1937 1154 1942 1160 .

1126 1174 1306 1215 Falcato
1370 1189 1544 1216 currum
1607 1174 1777 1229 antiqui
1826 1175 1987 1217 ‘dextra
2007 1187 2042 1211 20

1186 1246 1368 1300 leuaque
1421 1260 1573 1287 currus
1624 1246 1810 1289 falcatos
1860 1247 1988 1288 habe-

1187 1318 1294 1359 bant
1321 1333 1418 1359 cum
1451 1318 1609 1374 gladiis
1636 1318 1890 1360 herentibus
1923 1333 1988 1360 ro-

1188 1390 1245 1430 tis
1278 1390 1502 1431 bellabant

1128 1461 1377 1502 Famulatio
1417 1462 1597 1503 seruitio
1636 1462 1815 1504 uteritio
1855 1462 1990 1503 domi-

1187 1533 1309 1574 natio

1130 1605 1305 1646 Fartori
1336 1619 1496 1646 nomen
1528 1604 1690 1660 glatori

1130 1677 1330 1718 Fassitur
1369 1677 1538 1718 solutus
1579 1676 1637 1717 sit
1676 1679 1751 1717 aut
1793 1691 1988 1718 consum-

1189 1752 1291 1804 ptus
1325 1751 1399 1790 aut
1426 1751 1631 1789 exaustus
1665 1763 1689 1789 a
1720 1747 1960 1789 fatiscendo

1129 1820 1289 1862 Fastus
1331 1819 1539 1875 superuia'
1567 1822 1633 1861 est
1671 1821 1824 1873 quarte
1862 1818 1989 1861 decli-

1188 1891 1382 1934 nationis

1130 1963 1403 2005 Fatidiosum
1434 1960 1677 2014 renidensss)
1708 1963 1779 2004 uel
1811 1977 1891 2017 pro
1919 1978 1989 2004 an·
2009 1976 2043 2002 25

1188 2050 1325 2077 nuens
1365 2038 1408 2076 et
1447 2034 1722 2076 consentiens
1766 2034 1837 2075 uel
1882 2034 1988 2075 deri—

1190 2108 1294 2148 dens
1332 2105 1532 2148 renidens
1575 2105 1689 2147 enim
1733 2106 1988 2161 plerumque

1189 2178 1337 2220 uultus
1389 2176 1547 2218 dicitur
1590 2177 1734 2219 letitia
1776 2178 1848 2219 uel
1898 2178 1988 2219 risu

1190 2249 1391 2304 perfusus
1435 2248 1715 2291 fastidiosum
1759 2264 1863 2292 uero
1908 2264 1988 2304 pro

1190 2321 1416 2363 fastidiose
1455 2321 1564 2363 dixit
1601 2336 1761 2363 nomen
1801 2335 1880 2375 pro
1920 2322 1990 2362 ad—

1189 2393 1340 2434 uerbio
1373 2396 1422 2434 ut
1454 2395 1522 2434 est
1553 2390 1774 2450 1011111616)
1813 2407 1895 2448 que
1926 2408 1989 2434 re-

1189 2468 1318 2519 pente
1352 2465 1512 2506 clamat

1131 2536 1273 2577 Fatim
1314 2535 1440 2577 fatim
1479 2535 1595 2577 enim
1632 2535 1819 2577 multum
1858 2536 1989 2591 signi-

1190 2608 1292 2649 ficat
1338 2608 1412 2649 secl
1455 2622 1542 2648 non
1586 2607 1728 2648 solum
1773 2622 1901 2662 super
1943 2621 1988 2648 se

1190 2679 1274 2719 erit
1306 2681 1381 2720 aut
1414 2677 1580 2719 affatim

336 2786 369 2829 1)
395 2785 412 2818 t
437 2796 515 2829 eoep.
555 2787 566 2828 Η
604 2786 639 2828 2)
667 2796 691 2818 u
713 2796 782 2828 pro
810 2796 829 2819 o
855 2796 900 2820 m.
917 2789 941 2820 2
979 2786 1006 2836 ll
1029 2784 1063 2828 3)
1086 2785 1203 2828 prior.
1230 2783 1245 2818 1
1268 2795 1294 2819 S.
1322 2795 1389 2819 ser.
1415 2785 1499 2818 m.2
1535 2783 1547 2826 ΙΙ
1584 2783 1621 2828 4)
1649 2784 1763 2828 prior.
1795 2794 1811 2816 8
1837 2786 1870 2818 et
1894 2781 1935 2817 bi
1959 2793 1987 2817 s.

238 2855 303 2877 scr.
332 2856 374 2878 m.
391 2847 416 2878 2
455 2844 466 2888 ΙΙ
506 2846 540 2888 5)
567 2843 606 2877 111
633 2856 655 2878 α
681 2855 724 2877 m.
750 2848 765 2877 1
794 2845 834 2878 m
861 2845 913 2879 lit.
942 2845 1053 2878 trium
1079 2844 1147 2878 litt.
1174 2846 1185 2886 ΙΙ
1205 2845 1240 2888 6)
1262 2847 1395 2888 poster.
1422 2854 1446 2876 u
1472 2853 1498 2877 s.
1526 2853 1592 2878 scr.
1619 2846 1706 2878 1162
1728 2843 1739 2886 ΙΙ

336 2942 366 2972 1.
398 2938 765 2983 Exuperantissimus
792 2951 835 2974 em
860 2939 945 2974 Exs.
972 2950 1063 2974 corr.
1093 2940 1097 2980 Ι
1126 2937 1439 2983 inexsuperabilis
1465 2938 1476 2982 ΙΙ
1502 2941 1533 2973 4,
1561 2938 1760 2972 senescunt
1789 2938 1792 2981 Ι
1822 2935 1988 2970 exinani-

239 2998 296 3030 168
322 2999 332 3040 ΙΙ
360 3001 389 3031 ϋ,
417 2999 550 3032 canate
576 3000 588 3043 ΙΙ
614 3002 644 3032 S.
673 2998 845 3043 captiuus
881 3002 885 3041 Ι
919 2997 1105 3042 reciperat
1130 2997 1198 3031 hos
1228 2999 1232 3042 1
1262 2997 1356 3043 uirg.
1384 2998 1491 3041 606111
1513 3000 1565 3032 11,
1593 2996 1738 3031 lusibus
1764 2997 1774 3040 ΙΙ
1802 2981 1989 3031 15.’1116111

239 3068 315 3089 rem
348 3057 359 3100 ΙΙ
391 3060 445 3091 20.
473 3069 578 3091 curru
612 3058 623 3101 Η
661 3061 716 3093 21.
747 3057 904 3092 seruicio
940 3060 944 3102 Ι
980 3057 1135 3092 utericio
1173 3058 1185 3101 11
1222 3060 1278 3092 23.
1312 3057 1488 3091 exaustus
1517 3068 1558 3090 m.
1576 3060 1608 3100 1,
1642 3056 1844 3091 exhaustus
1870 3067 1915 3090 m.
1932 3059 1953 3089 5
1977 3056 1989 3101 Η

241 3119 296 3150 24,
319 3115 493 3159 superbia
513 3130 556 3149 ωε
577 3117 751 3166 snper-nia
771 3130 862 3152 corr.
884 3119 895 3161 ΙΙ
915 3120 970 3152 25.
986 3116 1140 3151 laeticia
1163 3118 1167 3159 l
1190 3117 1247 3150 est
1260 3117 1317 3150 est
1339 3116 1344 3161 1
1366 3116 1562 3160 torumque
1582 3117 1592 3160 ΙΙ
1613 3119 1668 3150 26.
1691 3115 1763 3150 erit
1776 3115 1818 3149 ut
1831 3114 1964 3149 afatim
1978 3116 1989 3161 §¹
