2216 3402
203 133 254 173 18
646 130 880 165 PLAomvs
907 128 1160 165 LIBRORVM
1186 119 1502 164 ROMANORVM

197 242 571 297 Depudescentem
604 241 912 295 impudentem.

198 313 408 356 Destricti
459 327 581 355 enses
627 310 848 367 euaginati
897 309 940 350 id
991 312 1057 351 est

259 401 280 427 e
309 385 468 441 uagina
501 383 630 426 ducti.

201 457 331 498 Domi
364 456 484 498 humi
517 458 560 496 et
595 457 662 496 cet
695 452 947 495 adum-bium
980 454 1059 494 est.

200 528 434 570 Dissiliunt
464 529 581 568 utres
607 528 880 579 rumpuntur.

164 613 180 637 5
200 599 367 641 Dedere
389 601 455 640 est
482 598 534 639 ab
562 596 750 639 editione
772 596 947 638 dictum.
994 595 1060 637 de-

260 671 366 712 ditio
382 670 495 711 enim
512 669 671 711 dicitur
686 668 856 723 quando
875 666 1059 709 seiuncti

259 745 334 783 aut
372 741 573 783 uincendi
604 740 777 782 hostem
816 738 1058 780 uictoribus

259 814 502 855 traduntur.

199 885 353 927 Decita
392 887 459 927 est
498 883 572 938 qui
614 883 740 925 deum
784 881 941 924 occidit
984 881 1057 922 ho—

259 957 426 998 mieida.

200 1028 521 1084 Desipiscentes
564 1028 665 1068 sunt
701 1026 775 1080 qui
813 1024 955 1066 minus
996 1039 1058 1065 sa-

259 1114 359 1155 pere
393 1099 607 1154 incipiunt
641 1112 770 1152 quam
803 1097 956 1138 solent.

200 1171 411 1213 Desecare
439 1173 505 1212 est
532 1169 727 1212 decolare
755 1170 797 1209 et
829 1182 897 1209 res
924 1182 1058 1222 quon-

260 1243 358 1284 dam
384 1242 540 1284 mixtas
569 1256 593 1282 a
618 1240 785 1282 fecibus
817 1253 1057 1295 segregare.

201 1313 446 1356 Discrimen
493 1312 723 1367 aliquando
770 1311 952 1352 duarum
996 1325 1057 1351 re-

261 1401 356 1426 rum
385 1384 704 1440 separationem
732 1381 923 1424 ostendit
949 1395 1057 1436 quae

261 1456 515 1499 coniunctae
555 1448 647 1497 es‘se
689 1456 873 1509 possunt
911 1456 960 1494 ut
993 1455 1059 1495 est

261 1529 306 1569 in
362 1527 630 1569 ornamentis
693 1525 925 1567 mulierum
985 1525 1059 1566 ali-

262 1600 432 1654 quando
477 1598 718 1654 periculum
756 1597 873 1638 uitae
913 1599 956 1638 ct
995 1611 1059 1638 ca-

261 1671 380 1726 pitis.

151 1887 183 1911 10
240 1872 462 1916 INCIPIT
495 1872 610 1915 PER
643 1871 679 1914 E
713 1870 1026 1913 LITTERAM.

201 1957 423 2012 Elephans
465 1956 574 1998 nulli
618 1955 796 1997 dubium
835 1957 901 1996 est
944 1954 1057 2009 quod

261 2043 337 2083 per
369 2044 430 2083 .p.
464 2030 507 2069 et
544 2027 585 2068 h.
619 2027 701 2068 soli
741 2026 918 2068 solitum
957 2025 1058 2067 scri-

264 2100 381 2141 bitur
413 2113 543 2154 quam
574 2112 661 2140 non
692 2113 769 2153 per
808 2097 857 2139 .s.
891 2100 940 2139 ut
976 2112 1055 2152 pro

263 2171 396 2212 fratre
427 2169 574 2225 potior
600 2169 782 2211 dicimus
810 2171 853 2210 et
878 2171 1057 2224 propter

262 2241 437 2283 fratres:
471 2241 545 2282 sed
572 2241 608 2282 si
634 2240 784 2282 uolens
816 2255 894 2295 pro
922 2240 1056 2281 fratre

263 2313 300 2353 si
331 2312 495 2353 inuitus
528 2314 705 2367 propter
737 2311 928 2354 fratrem.

205 2384 372 2438 Expers
406 2398 554 2425 carens
589 2398 739 2438 exspes
780 2383 871 2425 sine
905 2397 980 2438 spe
1013 2385 1056 2424 et

265 2457 331 2496 est
362 2469 519 2496 nomen
552 2458 752 2509 expertus
781 2457 926 2496 autem
963 2469 1057 2509 par—

264 2526 462 2580 ticipium
496 2528 562 2567 est
601 2540 724 2580 esper
762 2540 864 2567 uero
905 2525 996 2567 sine
1029 2540 1055 2566 x

263 2597 372 2638 nihil
401 2599 478 2638 est.

204 2668 411 2724 Expiauit
443 2668 607 2710 dictum
644 2683 722 2723 pro
755 2668 861 2710 satis
900 2668 1058 2723 petiuit

1155 242 1198 280 et
1236 237 1534 281 inimicissime
1576 252 1624 279 ac
1671 236 1951 279 uehementer

1155 310 1329 352 adnisus
1369 313 1435 351 est
1474 325 1525 351 ex
1557 310 1671 351 enim
1714 324 1792 363 pro
1825 309 1950 350 ualde

1154 382 1342 436 ponitur.

1097 453 1220 508 Euge
1244 438 1496 494 aduerbiuin
1522 453 1741 494 laudantis
1762 452 1831 495 uel
1855 452 1952 494 hor-

1157 524 1304 566 tantis.

1097 596 1267 638 Erebus
1308 611 1385 652 per
1427 598 1489 638 .b.
1531 611 1617 639 non
1660 610 1737 651 per
1782 611 1844 638 .u.
1886 597 2006 638 est15

1157 670 1303 709 autem
1342 668 1525 711 maritus
1564 668 1706 710 noctis
1744 670 1951 722 paterque

1155 739 1368 781 furiarum
1402 743 1445 782 et
1478 741 1620 783 socius
1654 738 1795 781 chaos.

1097 811 1243 866 Eques
1271 813 1337 852 est
1364 811 1439 865 qui
1465 827 1576 867 equo
1604 811 1723 853 sedet
1754 812 1953 866 equester

1155 883 1276 925 locus
1315 883 1384 924 uel
1425 883 1541 924 ordo.
1597 886 1646 924 ut
1684 882 1839 924 sidicas
1878 882 1952 923 ille

1155 954 1295 996 honor
1322 956 1522 1009 equester
1543 957 1620 996 est.
1656 954 1762 995 item
1788 953 1953 995 militat

1156 1026 1201 1067 in
1234 1025 1426 1081 equestri
1459 1025 1618 1067 ordine.

1097 1098 1282 1139 Exultat
1314 1097 1468 1139 melius
1503 1098 1594 1140 sine
1627 1112 1682 1140 .s.
1715 1097 1863 1139 littera
1894 1097 1954 1138 di-

1157 1169 1294 1211 cimus
1331 1184 1433 1210 nam
1473 1184 1570 1212 cum
1608 1169 1703 1224 ipsa
1740 1184 1767 1210 x
1806 1184 1857 1210 ex
1896 1184 1952 1211 .c.

1157 1243 1200 1282 et
1251 1255 1307 1282 .s.
1359 1243 1529 1282 constet
1580 1240 1796 1295 quomodo
1854 1255 1953 1282 cum

1155 1312 1298 1353 ineam
1331 1311 1389 1352 sit
1414 1311 1502 1352 iam
1531 1326 1584 1354 .s.
1617 1326 1790 1353 rursum
1817 1311 1856 1353 ei
1883 1312 1952 1353 ad-

1156 1383 1296 1424 dimus
1323 1382 1456 1424 illam.

1096 1454 1433 1497 Excrementum
1476 1455 1590 1510 quod
1629 1455 1674 1496 in
1718 1455 1865 1510 aliqua
1907 1469 1952 1497 re

1157 1541 1286 1582 super
1324 1526 1533 1568 excrescit
1572 1529 1621 1568 ut
1659 1528 1766 1581 puta
1804 1526 1850 1567 in
1890 1541 1954 1567 ar-

1156 1598 1335 1640 boribus
1363 1612 1413 1639 ea
1440 1613 1548 1653 quae
1574 1600 1784 1653 putantur
1813 1612 1954 1639 excre-

1157 1672 1303 1711 menta
1334 1669 1535 1711 dicuntur
1566 1671 1615 1711 ut
1647 1669 1812 1711 uitibus
1840 1671 1883 1711 et
1908 1669 1954 1711 in

1157 1756 1336 1797 corpore
1380 1740 1416 1783 si
1456 1739 1558 1795 quid
1600 1740 1841 1782 excreuerit
1885 1755 1954 1783 ex-

1155 1815 1425 1855 crementum
1457 1812 1541 1854 dici
1572 1815 1734 1867 potest.

1094 1885 1459 1927 Excreamentum
1485 1899 1588 1926 uero
1615 1884 1729 1938 quod
1756 1883 1952 1939 spuimus

1154 1957 1224 1999 uel
1251 1970 1500 1998 excreamus
1526 1955 1723 1997 habetur.
1756 1955 1864 1996 item
1891 1969 1952 1996 se-

1155 2031 1350 2070 mentum
1388 2027 1514 2068 uirile
1547 2026 1657 2068 unde
1698 2026 1952 2067 animalium

1155 2102 1198 2141 et
1228 2099 1455 2141 hominum
1489 2112 1671 2153 corpora
1707 2097 1952 2152 concipiun-

1154 2173 1226 2212 tur
1262 2170 1363 2212 hinc
1396 2171 1612 2211 creatores
1651 2170 1852 2223 parentes
1893 2167 1953 2208 di-

1155 2244 1323 2284 cuntur.

1094 2312 1373 2354 Examussim
1404 2327 1572 2355 uno.m
1605 2311 1650 2352 in
1675 2312 1775 2352 ante
1801 2309 1945 2365 penul·
1969 2325 2004 2350 20

1155 2384 1273 2426 tima.

1094 2456 1297 2510 Expudet
1329 2458 1395 2497 est
1427 2454 1550 2509 quasi
1581 2454 1706 2495 ualde
1739 2454 1883 2509 pudet.

1094 2527 1213 2569 Eous
1265 2529 1331 2568 est
1380 2527 1511 2568 homo
1563 2526 1613 2567 de
1666 2525 1829 2566 oriente
1876 2538 1949 2566 eos

1155 2613 1312 2640 aurora
1325 2597 1395 2639 uel
1411 2596 1565 2638 lucifer
1579 2596 1798 2637 interdum
1818 2595 1950 2636 etiam

1154 2683 1233 2724 pro
1266 2669 1355 2711 sole
1387 2668 1564 2724 ponitur
1597 2667 1710 2721 apud
1741 2669 1904 2721 poetas.

301 2813 330 2843 1.
358 2809 613 2854 impudentem
639 2821 662 2843 α
686 2810 697 2854 ΙΙ
718 2812 748 2843 2.
777 2808 997 2853 deuaginati
1015 2820 1041 2849 *c
1075 2810 1079 2854 Ι
1102 2810 1160 2843 est
1191 2808 1331 2855 uagina
1357 2821 1380 2844 α
1398 2809 1410 2853 ΙΙ
1429 2811 1461 2842 3.
1489 2809 1527 2842 et
1552 2808 1612 2841 cet
1637 2818 1703 2842 om.
1730 2817 1748 2842 c
1773 2807 1785 2851 ΙΙ
1805 2809 1838 2842 5.
1866 2805 1943 2840 edi-

207 2867 310 2902 cione
337 2869 387 2902 ab
411 2871 415 2912 Ι
438 2868 584 2902 dedicio
612 2880 635 2902 α
662 2870 666 2913 Ι
695 2867 850 2901 tradunt
876 2879 893 2902 c
913 2869 923 2911 ΙΙ
945 2871 974 2902 7.
1002 2879 1068 2904 om.
1095 2880 1118 2903 a
1137 2870 1148 2912 ΙΙ
1169 2872 1199 2903 9.
1228 2868 1375 2903 ostendi
1401 2869 1447 2904 bc
1472 2872 1505 2903 et
1531 2879 1574 2902 eas
1600 2878 1691 2902 cor-r.
1719 2878 1742 2901 α
1761 2867 1771 2911 ΙΙ
1800 2869 1853 2900 10.
1881 2864 1949 2899 IN-

208 2926 400 2961 CII'IVN'I'
427 2940 449 2961 α
475 2930 485 2972 ΙΙ
517 2931 570 2962 11.
597 2938 663 2972 per
689 2938 753 2962 om.
781 2939 804 2961 α
832 2929 836 2971 Ι
866 2926 1018 2960 solitum
1043 2939 1087 2962 ew
1113 2926 1275 2962 solidum
1300 2939 1390 2963 corr.
1419 2940 1442 2962 a
1463 2929 1468 2972 Ι
1489 2926 1618 2971 pocius
1646 2938 1670 2962 α
1693 2927 1705 2970 ΙΙ
1738 2928 1792 2960 12.
1819 2935 1948 2959 carens

207 2997 332 3030 espers
354 2987 372 3019 l,
393 2987 403 3029 ΙΙ
428 2991 477 3021 13.
500 2985 748 3020 minutissime
763 2999 785 3021 a
808 2988 811 3031 Ι
836 2985 988 3020 adnisus
1007 2999 1029 3021 α
1049 2989 1060 3031 ΙΙ
1081 2989 1135 3021 17.
1152 2985 1237 3021 inOE
1257 2999 1279 3022 α
1301 2988 1306 3032 Ι
1331 2987 1383 3021 sic
1398 2988 1444 3022 bc
1467 2990 1471 3028 Ι
1494 2998 1618 3020 rursus
1640 2997 1658 3020 c
1677 2986 1689 3030 ΙΙ
1709 2987 1762 3019 18.
1779 2994 1948 3018 excreue-

207 3045 283 3079 riut
298 3046 316 3079 (ι
337 3047 348 3089 ΙΙ
371 3045 489 3080 mm
503 3047 761 3081 crementumb
784 3048 789 3088 Ι
812 3045 1013 3080 haberetur
1026 3050 1110 3081 (wite
1121 3048 1240 3081 cort-,b
1263 3050 1268 3092 Ι
1292 3046 1583 3081 sementuuinac
1605 3046 1609 3089 Ι
1633 3044 1746 3089 unde]
1760 3044 1906 3077 tantum
1918 3043 1947 3077 b.

209 3116 291 3140 cum
306 3105 329 3138 f.
345 3116 435 3141 corr.
449 3106 485 3140 b²
505 3107 516 3151 ΙΙ
537 3110 590 3141 20.
606 3105 828 3140 Exzunissim
844 3118 866 3140 α
885 3107 896 3151 ΙΙ
917 3110 970 3141 21.
987 3104 1097 3139 ualde
1112 3117 1176 3140 om.
1194 3119 1216 3141 α
1235 3108 1246 3151 ΙΙ
1266 3111 1321 3142 2⁶2.
1338 3105 1478 3140 oriente
1493 3116 1536 3139 ear
1550 3105 1684 3138 ouente
1700 3104 1729 3138 b.
1757 3102 1891 3137 ouente
1905 3102 1949 3150 αΙΙ
