2221 3490
835 153 1046 190 GLOSSAE
1075 153 1325 191 SCALIGERI

223 262 457 306 Contumia
490 263 751 305 contumelia

224 332 449 377 Cessiosus
483 334 558 389 qui
589 349 715 390 saepe
749 335 861 377 cedit

223 404 374 447 Ousire
407 421 613 448 consuere

223 477 366 519 Galles
415 478 511 519 uiae
561 477 690 519 tritae
746 492 952 532 pecorum
1004 492 1077 518 ue—

284 548 428 604 stigiis

187 630 203 655 5
223 617 487 662 Castiferum
521 620 594 674 qui
625 620 848 675 flagellum
880 622 1028 674 portat

222 689 415 733 Garabus
454 706 590 745 parua
629 691 789 745 scapha
828 705 878 731 ex
916 690 1076 731 uimine

281 766 325 804 et
357 762 473 804 corio

221 831 347 875 Getes
381 848 482 874 oues
518 848 618 874 aues

221 904 411 946 Cerealis
445 904 519 959 qui
552 904 604 945 ad
637 919 761 946 sacra
793 906 881 945 stat

221 974 364 1017 Cessit
395 975 545 1030 nupsit

169 1059 202 1083 10
222 1045 418 1088 Goniecit
449 1047 638 1088 iaculum
671 1046 939 1088 aumentauit

221 1117 454 1173 Creporem
485 1118 589 1160 ferri
622 1133 776 1160 sonum
809 1121 985 1160 catenae

221 1188 339 1231 Culit
369 1190 650 1232 uehementer
680 1190 897 1245 percussit

216 1259 410 1303 -Caluitio
444 1276 610 1303 memor

223 1331 477 1375 Catadocta'
496 1333 734 1374 multorum
767 1332 935 1374 cantica

170 1420 201 1445 15
222 1403 454 1446 Causarius
491 1419 588 1446 reus

221 1475 420 1518 Cocistro
453 1478 762 1530 praegustator
795 1475 969 1517 cocinae

221 1547 515 1591 Commaticus
548 1547 820 1589 uersificator

221 1619 403 1662 Calones
436 1619 618 1675 galearii
650 1619 841 1661 militum

221 1691 418 1733 Calabris
451 1692 593 1733 uentis
628 1691 753 1733 siccis

167 1778 202 1802 20
221 1762 451 1805 Catomain
482 1763 753 1818 ergastulum

221 1833 479 1891 Cartilagini
511 1835 632 1877 lardo
665 1834 856 1875 bradone

221 1904 484 1948 Oaducarius
506 1907 559 1948 ad
581 1921 707 1962 quem
729 1904 949 1960 pertinent
967 1918 1075 1958 quae

280 1978 439 2019 cadunt
473 1977 675 2019 defuncto
709 1976 853 2032 aliquo
888 1974 956 2017 cui
988 1988 1077 2015 non

279 2052 346 2091 est
379 2049 452 2104 qui
484 2049 684 2091 succedat

220 2120 428 2175 Cataplus
462 2121 674 2162 aduentus
706 2119 830 2162 nauis

220 2190 382 2234 Cancer
414 2192 584 2247 forceps

166 2276 200 2301 25
222 2263 419 2306 Gallorus
452 2263 697 2305 malitiosus

220 2332 395 2376 Caletra
425 2335 501 2376 ubi
533 2350 691 2390 uespae
723 2334 977 2377 nutriuntur

221 2405 405 2448 Oidones
438 2420 670 2461 puerorum
706 2408 922 2447 amatores

220 2476 371 2520 Carrio
405 2477 550 2519 diuido

220 2547 427 2591 Galonica

166 2632 199 2657 30
221 2618 489 2662 Candomina

220 2691 417 2734 Calestra
449 2706 584 2748 genus
619 2691 774 2732 mitrae

221 2762 359 2806 Catax
391 2763 569 2805 claudus
603 2777 733 2805 coxus

220 2833 382 2876 Cautos
417 2835 616 2877 sacerdos

221 2904 400 2948 Calutor
432 2906 632 2948 minister
663 2919 886 2948 sacrorum

164 2987 200 3014 35
219 2975 497 3019 Castorinum
528 2978 759 3020 uebrinum

219 3048 494 3104 Castipulum
525 3064 675 3091 mensa
707 3048 918 3105 quadrata

222 3119 432 3163 Casorum
464 3124 689 3164 uetustum

1880 153 1967 195 595

1115 264 1290 307 Ciccum
1321 266 1468 306 cortex
1501 262 1604 304 mali
1637 262 1810 318 granati

1115 336 1386 380 Cremutium
1419 335 1722 376 holocaustum

1116 407 1257 450 066116
1287 410 1447 449 noctua

1117 479 1333 521 0611111616
1366 476 1650 531 praecipitare

1114 550 1293 593 Choreis
1326 548 1638 590 ballationibus

1115 620 1255 663 Circio
1276 635 1377 675 pars
1397 620 1511 661 inter
1533 619 1779 674 aquilonem
1800 621 1843 659 et
1859 617 1965 660 occi-

1987 423 2023 447 40

1174 693 1348 733 dentem

1116 762 1248 805 011108
1280 762 1493 804 tortiones
1527 761 1773 803 indecentes

1114 832 1238 875 Oima
1271 833 1497 875 cocumula

1115 905 1356 948 Cilindrum
1390 903 1766 946 semicolumnium

1115 975 1347 1018 Glacindex
1380 976 1544 1018 60116116

1118 1047 1353 1090 016110811111
1386 1047 1612 1102 inaequale

1119 1119 1351 1162 Coactores
1385 1119 1621 1174 argentarii

1118 1183 1338 1233 Comitare
1370 1191 1491 1245 loqui
1517 1191 1563 1231 in
1589 1192 1805 1232 conuentu
1833 1188 1971 1230 eundo
1993 1207 2026 1233 50

1176 1263 1391 1304 redeundo
1426 1261 1686 1303 ambulando

1117 1334 1413 1376 Collianorum
1439 1333 1772 1389 publicanorum
1796 1332 1865 1373 uel
1892 1332 1970 1373 im-

1989 850 2025 875 45

1175 1406 1347 1461 piorum

1117 1478 1414 1521 Conforanens
1447 1477 1574 1519 unius
1608 1477 1691 1519 fori

1115 1550 1223 1593 0166
1255 1552 1448 1592 stercora

1115 1620 1285 1676 Cuppes
1318 1621 1570 1663 fastidiosus
1608 1620 1787 1675 cupidus

1115 1691 1252 1734 Cuma
1282 1708 1413 1748 poma
1445 1692 1664 1734 siluestria
1992 1710 2025 1734 55

1116 1763 1268 1807 Cucier
1300 1764 1532 1807 Ponticum
1565 1764 1765 1806 sacerdos

1115 1836 1300 1879 Calcitio
1359 1837 1548 1878 rusticus
1599 1851 1648 1878 eo
1702 1835 1817 1890 quod
1867 1835 1970 1876 dure

1175 1909 1322 1950 calcet.
1373 1907 1516 1950 Plaut.
1569 1906 1741 1949 Clamat
1786 1907 1823 1948 si
1869 1906 1971 1961 quid

1173 1980 1293 2022 uidet
1326 1980 1380 2021 ad
1412 1994 1456 2021 se
1488 1979 1550 2021 ire
1583 1979 1859 2022 calcitionem

1115 2050 1290 2093 Crebro.
1316 2051 1396 2092 nis.
1423 2066 1555 2105 porca
1581 2054 1697 2092 terra
1722 2050 1837 2092 inter
1864 2050 1969 2091 duos

1175 2124 1317 2165 sulcos
1351 2122 1544 2164 eminens

1115 2193 1385 2237 Oaballarius
1418 2195 1549 2236 alaris

1114 2262 1319 2308 Cracerat
1352 2269 1496 2308 cracat
1989 2282 2023 2307 oo

1113 2337 1288 2380 Calabri
1320 2352 1471 2379 uersus
1505 2338 1707 2380 obscaeni

1113 2409 1264 2452 Calces
1299 2408 1490 2451 Gallicae
1524 2408 1712 2450 militum

1115 2480 1290 2522 Calator
1322 2480 1522 2523 minister
1555 2492 1778 2523 sacrorum

1114 2550 1322 2594 Camasus
1355 2552 1616 2594 amfimallus

1113 2622 1336 2666 Cancellat
1369 2623 1556 2666 concidit
1588 2624 1733 2666 batuit
1988 2636 2022 2662 (35

1113 2694 1279 2738 Candes
1313 2711 1418 2737 uasa
1449 2696 1603 2737 fictilia

1113 2765 1307 2822 Caprioli
1338 2767 1561 2809 botriones
1594 2767 1746 2809 latices

1114 2837 1306 2893 Captura
1339 2838 1534 2894 deceptio
1566 2838 1636 2880 uel
1675 2838 1796 2880 locus
1828 2837 1967 2892 pisco-

1173 2924 1245 2951 sus
1284 2913 1327 2951 et
1364 2909 1439 2951 ubi
1479 2910 1598 2951 sedet
1637 2909 1855 2951 actuarius
1893 2908 1967 2964 qui

1170 2981 1372 3022 balneare
1405 2981 1541 3036 exigit

1112 3049 1287 3093 06116116
1319 3067 1466 3094 6611166
1496 3054 1598 3107 post
1631 3052 1910 3094 caenaculum

1113 3122 1320 3165 Cassatur
1352 3126 1569 3166 castratur
1988 3137 2020 3161 τυ

1677 3198 1722 3230 38
1735 3193 1751 3212 *
