2175 3428
271 125 350 168 188

265 235 475 279 Decluere
508 237 710 280 decorare

257 308 583 351 Decoramenta
616 309 770 364 templi
797 311 1054 365 supersellia
1079 311 1122 353 id

1103 420 1111 429 ,
1161 382 1375 425 Defrudat
1406 384 1634 427 defraudat

325 383 392 422 est
424 381 663 423 scamnalia

264 450 523 506 Decrepitus
557 453 673 495 senis
709 453 835 496 ualde

263 523 460 565 Decudes
493 524 738 567 decurionis

226 607 241 629 ὁ
263 594 557 638 Deculcarunt
588 597 716 639 ualde
750 598 1026 640 occultarunt

207 1038 240 1061 10

199 2332 232 2355 20

262 666 469 709 Decuriat
496 669 706 711 conbibas
733 673 809 712 aut
830 670 998 726 cogitat
1025 685 1122 713 con-

320 739 488 782 uiuium
520 743 598 783 aut
628 741 674 782 in
707 741 854 784 decem
887 743 1006 785 uiros

261 810 518 854 Decurionis
552 813 703 855 decani

261 882 524 926 Decurserat
557 885 805 928 detraxerat

260 954 547 999 Dedecoratio
581 957 886 1000 dehonestatio

260 1026 548 1070 Dedecoratio
581 1028 878 1072 inhonestatio

259 1098 576 1142 Dedecoracius
611 1101 938 1144 inhonestacius

258 1170 472 1213 Dedecuit
492 1172 778 1215 dehonestaui
805 1176 872 1215 sta
894 1175 1118 1230 ofidusque

318 1244 519 1286 sacerdos
571 1244 608 1286 si
657 1259 747 1287 non
793 1246 992 1288 dedecuit
1042 1249 1119 1288 tua

316 1315 435 1357 iussa

255 1386 487 1430 Dediscere
521 1392 589 1430 est
622 1389 824 1432 amittere
859 1391 973 1445 quod
1006 1390 1115 1432 dice-

316 1459 432 1501 baris
472 1460 560 1502 late
603 1461 733 1517 longe
767 1477 850 1517 que
895 1465 1115 1518 togetrain

316 1532 493 1586 quillior
525 1533 623 1575 usui
651 1533 811 1576 dedicit
843 1534 930 1575 iam
963 1549 1115 1589 pacem

315 1604 463 1645 ducem
497 1604 580 1647 hoc
614 1607 681 1646 est
712 1606 860 1647 amisit

255 1674 497 1717 Dediticius
539 1676 576 1718 si
620 1676 832 1720 barbarus
878 1678 1025 1719 tradat
1070 1693 1114 1720 se

314 1748 505 1790 romanis

218 1828 234 1853 5
256 1818 462 1862 Defectus
500 1821 731 1875 pluraliter
774 1821 967 1864 defectus
1007 1821 1112 1864 solis

314 1891 460 1933 uarios
493 1892 678 1947 luneque
710 1893 883 1936 labores

252 1961 497 2019 Defiagrari
529 1964 756 2021 deuulgari

253 2033 480 2090 Deflagrat
524 2035 717 2078 furorem
760 2037 887 2092 ponit
930 2038 1110 2080 lucanus

314 2105 374 2148 sic
408 2107 695 2163 deflagrarem
727 2108 872 2151 inaces

254 2176 398 2219 Deflat
430 2177 589 2220 inridet
621 2179 882 2235 dedignatur

255 2247 427 2290 Defluet
461 2250 718 2292 dissoluitur

252 2319 427 2362 Defluet
466 2322 579 2376 quod
619 2326 734 2365 etate
778 2324 847 2365 uel
890 2327 1111 2367 uetustate

312 2392 570 2435 dissoluitur
602 2398 651 2436 ut
690 2398 782 2437 etas
821 2395 1010 2438 hominis
1050 2397 1110 2439 fo-

311 2463 419 2506 lium
452 2465 620 2507 arboris

725 127 981 163 EXCERPTA
1006 128 1071 163 EX
1096 128 1240 165 LIBRO
1268 129 1559 165 GLOSSARVM

1162 239 1391 282 Defretum
1440 241 1592 283 uinum
1643 241 1901 296 quoquendo
1952 242 2019 284 de—

1221 311 1444 354 frudatum

1162 454 1376 498 Defrudat
1408 456 1567 498 minuit
1600 457 1714 511 quod
1750 456 1838 498 frui
1869 457 2020 499 debuit

1162 526 1428 569 Defrudatur
1461 527 1742 570 defraudatur
1768 529 1838 571 uel
1864 528 2019 571 minui-

1220 602 1292 641 tur

1160 670 1479 714 Defrudauerat
1529 671 1864 714 defraudauerat
1921 672 2018 714 sub·
2039 684 2074 710 25

1218 742 1481 799 intelligitur
1513 746 1556 785 et
1588 747 1822 787 rennuerat

1158 814 1344 857 Defruta
1395 816 1510 871 quod
1561 815 1677 858 aruit
1728 831 1853 872 grece
1902 817 2018 858 enim

1219 887 1378 929 dicitur
1410 903 1562 930 exenia
1586 888 1697 930 unde
1725 891 1770 930 et
1801 888 2016 931 defretum

1217 974 1266 1001 eo
1309 960 1423 1014 quod
1462 959 1686 1014 coquendo
1730 963 1898 1002 arescat
1941 961 2017 1002 mi-

1216 1046 1353 1073 nusue
1386 1031 1490 1074 fecit

1159 1103 1440 1146 Defunctorie
1475 1118 1603 1158 opere
1637 1103 1724 1145 leui
1763 1104 2014 1147 transitorie

1218 1175 1377 1230 (Vi-ry.)

1156 1246 1507 1303 Degenerascere
1541 1248 1802 1304 degenerare
1836 1246 1996 1306 (γίνῃ.)

1157 1319 1396 1376 Degeneris
1448 1319 1583 1361 animi
1640 1318 1784 1362 timidi
1834 1321 2014 1363 lucanus

1214 1392 1451 1448 degeneras
1466 1391 1689 1446 trepidant
1705 1391 1838 1433 animi
1851 1391 1868 1448 (
1881 1390 2012 1448 Virga.)

1154 1463 1442 1520 Degladiandi
1475 1463 1751 1506 deoccidendi

1153 1535 1369 1592 Degluere
1403 1535 1615 1578 decoriari

1154 1607 1313 1650 Deiera
1346 1608 1606 1664 quicumque
1645 1608 1865 1649 maiestati
1897 1607 2014 1650 iurat

1154 1679 1333 1722 Deierat
1365 1695 1518 1722 uerum
1550 1679 1667 1720 iurat

1154 1752 1388 1807 Delapidat
1421 1754 1575 1807 erogat

1153 1823 1387 1879 Delapidat
1420 1823 1580 1865 euertit

1153 1896 1318 1938 Delfica
1357 1895 1512 1937 ciuitas
1556 1895 1738 1937 lucanus
1777 1896 1913 1938 defica
1950 1898 2010 1938 te-

1211 1968 1320 2022 bane
1355 1970 1398 2009 et
1429 1967 1510 2021 hec
1543 1967 1699 2009 tebane
1733 1967 1890 2009 ciuitas

1155 2039 1328 2081 Delibat
1378 2039 1584 2094 degustat
1628 2041 1704 2080 aut
1753 2038 2011 2095 sanguinem

1210 2111 1410 2152 detrahet
1461 2112 1536 2151 aut
1593 2109 1711 2151 tenui
1729 2109 1760 2166 ¹)
1811 2124 2009 2153 sermone

1210 2181 1453 2237 praestingi
1929 2185 1934 2189 “

1149 2253 1346 2295 Delictus
1380 2253 1658 2295 uerruculato
1699 2267 1828 2307 quem
1859 2253 2010 2295 dicunt

1149 2325 1402 2381 Deliquium
1435 2325 1653 2367 defectum

1150 2396 1406 2439 Demetreos
1427 2397 1729 2439 bitiniensium
1750 2396 1902 2453 lingua
1916 2412 2008 2453 sep·
2027 2407 2062 2432 40

1209 2469 1378 2511 tember
1411 2469 1625 2511 mensium
1659 2468 1820 2510 dicitur

2034 1474 2068 1499 30

373 2596 406 2639 1)
433 2595 520 2631 Huc
546 2598 703 2640 refertm·
727 2598 767 2632 in
795 2609 907 2643 mara.
935 2586 1035 2632 Ᾰῖᾗ
1055 2600 1167 2634 tenue
1197 2603 1364 2636 sermonc-
1392 2601 1403 2645 ΙΙ

371 2706 402 2737 2.
429 2703 609 2747 prosellia
640 2705 652 2748 ll
690 2708 721 2740 3.
750 2715 856 2739 senes
887 2706 899 2750 Η
937 2708 968 2740 4.
997 2705 1215 2741 decuriones
1247 2708 1258 2751 ΙΙ
1297 2710 1328 2742 5.
1355 2706 1605 2742 Decultarunt
1634 2708 1647 2751 ΙΙ
1680 2709 1710 2741 7.
1742 2704 1970 2740 Decuriones
1996 2707 1998 2751 ξ

254 2764 307 2795 10.
336 2760 549 2797 inhonestio
569 2765 580 2807 ΙΙ
608 2768 662 2799 11.
689 2764 997 2810 Dedecoratius'n
1025 2769 1079 2801 12.
1107 2765 1273 2801 Dedecui
1295 2770 1300 2810 Ι
1324 2766 1575 2811 statfidusque
1599 2767 1611 2810 ΙΙ
1637 2769 1691 2801 13.
1719 2764 1854 2800 diceris
1877 2767 1882 2810 Ι
1903 2766 2004 2800 tran-

251 2819 404 2863 quillior
426 2822 430 2866 Ι
452 2833 545 2866 pace
574 2823 586 2867 ΙΙ
615 2827 667 2858 17.
697 2823 905 2869 deflagrare
928 2828 931 2866 1
954 2824 1120 2860 minaces
1140 2828 1151 2870 n
1179 2829 1232 2861 18.
1261 2825 1367 2861 cicer.
1395 2827 1470 2862 cod.
1492 2827 1504 2870 ΙΙ
1531 2829 1587 2860 20.
1615 2824 1762 2860 homins
1782 2826 1794 2870 ΙΙ
1823 2828 1879 2860 21.
1906 2824 2003 2871 plac.

251 2881 326 2915 cod.
359 2882 371 2925 ΙΙ
400 2884 455 2916 24.
483 2881 713 2916 Defrudatur
739 2895 783 2918 ex
808 2883 1064 2919 Defraudatur
1089 2896 1179 2920 corr.
1210 2888 1214 2928 Ι
1242 2885 1489 2920 defraudatur
1513 2896 1558 2920 επ
1583 2884 1805 2919 defrudatur
1829 2886 1872 2920 in
1895 2886 2003 2921 scrib.

250 2950 341 2974 corr.
371 2940 382 2984 ΙΙ
414 2944 469 2976 25.
498 2941 804 2988 subintellegitur
835 2946 846 2987 ΙΙ
877 2947 932 2979 26.
960 2943 1200 2979 minusucfiat
1231 2946 1241 2988 Η
1273 2949 1330 2981 27.
1357 2944 1460 2990 operi
1483 2946 1488 2989 Ι
1515 2943 1599 2979 leue
1630 2946 1642 2989 u
1673 2947 1730 2980 29.
1757 2944 1968 2990 Degeneres
1997 2945 2001 2990 Ι

251 2998 454 3043 degeneres
485 3002 497 3045 ΙΙ
535 3004 590 3036 31.
618 3001 808 3037 decoriare
839 3004 851 3047 ΙΙ
889 3006 944 3038 36.
972 3003 1106 3038 delfica
1132 3005 1344 3049 tenebane}
1373 3004 1458 3052 hec]
1485 3006 1558 3048 ex}
1590 3002 1777 3038 tenebane
1807 3006 1820 3048 n
1857 3007 1912 3040 37.
1941 3004 2002 3038 de-

251 3057 377 3092 thraet
405 3060 409 3102 Ι
437 3060 659 3105 prestringit
687 3061 690 3107 Ι
721 3060 824 3096 ΑῈΒ
856 3063 1005 3097 tenuem
1039 3073 1245 3098 sermonem
1267 3062 1319 3099 ἰῗη
1349 3076 1417 3110 my.
1446 3064 1529 3099 add.
1562 3065 1575 3108 ΙΙ
1606 3065 1661 3098 38.
1695 3062 1932 3099 uerruculato
1959 3074 2004 3098 ex

252 3117 488 3153 ucrroeulato
514 3121 557 3155 in
579 3122 684 3156 scrib.
712 3133 801 3156 corr.
829 3123 840 3166 ΙΙ
867 3125 922 3157 40.
949 3122 1088 3157 mensis
1117 3125 1128 3168 Η
