2221 3490
231 149 316 190 626

228 258 466 301 Amficiscii
500 259 723 300 biumbres

228 330 414 372 Amictit
450 330 585 372 uestit

228 402 435 457 Amplare
469 401 585 444 00113

229 476 422 515 Anatum
454 473 661 515 miserum

166 559 206 596 ν5
226 545 365 587 Ancia
399 546 560 587 ferrum
587 546 632 587 in
658 547 783 587 scuto
810 545 923 600 quod
954 560 1085 587 manu

287 621 460 660 tenetur

227 690 434 745 Ancipias
473 690 629 731 inritas

225 760 360 803 Ancti
394 760 630 803 excruciati

225 833 457 875 Ancilator
491 832 691 874 adulator

225 904 524 960 Ancillarissssss
551 904 777 946 humiliter
811 904 972 946 seruire

173 991 206 1015 10
227 978 459 1032 Angetudo
494 978 689 1018 anxietas

225 1049 401 1105 Angina
412 1049 618 1105 glandula
627 1049 696 1090 uel
707 1048 884 1090 morbus
895 1048 1084 1090 faucium

225 1121 504 1176 Anguipedes
540 1121 741 1177 gigantes

226 1193 374 1234 Anilia
408 1193 598 1234 amentia

225 1265 411 1319 Anopsii
443 1265 557 1319 nigri
592 1265 756 1306 calores

172 1348 206 1374 15
226 1335 424 1378 Anudius
458 1337 590 1378 tertia
623 1336 716 1377 adie
751 1334 881 1377 tertia

225 1409 383 1450 Antlat
415 1409 617 1451 exunicat
651 1410 797 1450 austat
831 1407 946 1449 aurit

225 1480 437 1536 Aplustra
470 1483 740 1523 armamenta
771 1481 950 1521 nauium

225 1551 568 1607 App-aratorium
618 1553 691 1594 ubi
736 1567 804 1593 res
857 1566 1083 1607 quaecum—

287 1639 368 1678 que
400 1627 609 1679 parentur

226 1696 396 1750 Apsum
428 1697 567 1739 uellus
601 1697 725 1738 lanae

172 1782 205 1806 20
228 1769 450 1811 Arandum
484 1769 738 1811 sulcandum
769 1767 1066 1823 nauigandum

223 1840 447 1883 Arcessire
481 1841 619 1884 accire
654 1855 835 1882 euocare

226 1914 537 1956 Arcessicndos
571 1912 837 1955 exhibendos

225 1985 467 2028 Arenantia
499 1986 612 2028 sicca

228 2060 439 2113 Ari-eptae
474 2058 659 2100 excitate

174 2141 207 2168 25
228 2130 440 2172 Assecula
471 2129 733 2172 bucellarius

228 2203 410 2244 Aucella
441 2204 733 2258 ortycometra

231 2273 492 2316 Auctomare
527 2274 755 2316 aestimare

229 2346 530 2388 Auricularius
564 2343 881 2400 31130111131011)

230 2486 471 2530 Cacinnant
503 2490 698 2530 inridunt

176 2573 210 2598 30
231 2559 564 2602 Calamistratus
634 2559 910 2602 acalamistro
974 2559 1086 2601 idest

289 2646 365 2674 aco
394 2632 532 2674 ferreo
558 2633 602 2674 in
625 2632 779 2674 calami
801 2630 1085 2673 similitudine

289 2703 406 2745 facto
432 2704 477 2744 in
499 2718 583 2758 quo
606 2705 745 2746 crines
768 2703 1087 2758 obtorquentur

290 2777 339 2815 ut
384 2775 515 2829 crispi
561 2775 648 2817 sint
688 2790 815 2831 quem
860 2775 904 2816 in
946 2775 1086 2816 cinere

291 2846 525 2889 calefacere
583 2847 725 2889 solent
777 2846 850 2902 qui
907 2846 1087 2901 capillos

292 2917 484 2972 crispant
516 2922 564 2960 ut
597 2918 885 2961 calamistrati
920 2918 1007 2959 sint

234 2986 498 3031 Calamizare
537 2990 653 3031 laeta
685 2992 858 3032 cantare

569 149 824 186 EXCERPTA
850 149 915 183 EX
941 148 1207 185 GLOSSARIO
1234 149 1426 184 ABAVVS
1452 149 1642 185 MAIORE

1125 257 1299 300 Calabri
1331 273 1483 300 uersus
1519 259 1694 302 obsceni

1125 330 1277 373 Calare
1311 346 1466 373 uocare

1125 401 1327 444 Calorate
1361 402 1681 444 feruentissime

1124 473 1353 516 Caminum
1386 474 1605 516 fornacem
2001 486 2036 512 35

1124 545 1291 589 Cancra
1321 550 1426 588 nata

1124 617 1280 660 Canier
1311 618 1410 660 leno

1129 688 1343 731 Canistris
1377 689 1617 731 canistellis

1125 759 1335 816 Capparis
1368 761 1547 804 frutecti
1581 775 1718 817 genus

1124 831 1399 887 Capacitates
1433 834 1586 876 domus
2002 847 2037 873 40

1124 904 1363 959 Caperrata
1396 920 1558 961 rugosa
1591 907 1792 947 contrata

1126 976 1400 1031 Capitolinus
1434 977 1639 1032 capitolio
1674 977 1866 1018 seruiens

1125 1047 1351 1102 Caponula
1383 1049 1609 1091 taber-cula

1124 1119 1315 1175 Captura
1355 1121 1548 1162 detentio
1588 1120 1659 1162 uel
1690 1119 1812 1162 locus
1846 1120 1983 1175 pisco-

1185 1207 1257 1234 sus
1292 1195 1335 1234 et
1367 1192 1443 1234 ubi
1477 1193 1597 1234 sedet
1630 1192 1881 1247 captuarius
1908 1192 1983 1247 qui

1183 1259 1479 1306 balneaticum
1514 1264 1651 1320 exigit

1125 1334 1327 1391 Carystia
1359 1336 1448 1378 dies
1483 1336 1622 1378 festus
1653 1335 1904 1391 incognitus

1125 1406 1340 1463 Carporat
1374 1409 1541 1451 sauciat
1577 1408 1679 1449 ferit

2001 1349 2038 1374 45

1125 1478 1307 1522 Cascum
1342 1481 1572 1536 antiquum
1605 1483 1730 1522 uetus

1125 1550 1280 1593 033331
1313 1555 1496 1594 01130031
1527 1552 1711 1594 frustrat

1125 1622 1338 1666 Casusum
1370 1627 1597 1666 uetustum

1124 1694 1395 1738 0331111101113
1427 1695 1638 1751 pudicitia
2003 1711 2038 1736 50

1124 1765 1325 1810 031301Ζο
1360 1767 1493 1810 docco

1124 1839 1401 1882 Cateruarius
1448 1839 1522 1894 qui
1571 1840 1617 1881 in
1662 1841 1860 1882 cateruas
1909 1855 1984 1894 po-

1181 1912 1274 1967 puli
1308 1915 1374 1954 031

1125 1981 1346 2026 0311101113
1378 1983 1502 2025 fucus

1125 2053 1340 2098 Cauillare
1373 2071 1461 2098 non
1495 2056 1752 2111 simpliciter
1783 2056 1923 2098 ridere

1126 2125 1368 2169 Cauillator
1407 2128 1661 2169 mandrator
1694 2127 1982 2169 calumniator
2001 2142 2035 2168 55

1126 2198 1366 2241 Cauillator
1387 2200 1647 2242 calumniam
1670 2199 1777 2241 facit
1797 2199 1866 2241 uel
1885 2214 1983 2241 con-

1184 2271 1395 2313 uitionem
1436 2271 1553 2313 iocat
1596 2270 1810 2312 strofatur
1853 2271 1984 2326 tergi-

1183 2346 1385 2384 uersatur
1419 2345 1749 2399 argumentator

1125 2412 1304 2456 Caulem
1335 2415 1538 2456 thursum

1125 2485 1279 2528 Ceram
1311 2487 1507 2528 tabulam
1540 2486 1775 2542 imaginem

1125 2557 1315 2600 Cerealis
1350 2559 1423 2613 qui
1456 2559 1508 2600 ad
1542 2572 1665 2600 sacra
1697 2559 1786 2598 stat

1125 2628 1278 2672 0011101
1305 2630 1444 2672 1111030
1478 2630 1522 2671 111
1554 2629 1755 2671 arborem
1785 2628 1912 2670 nauis
2001 2658 2035 2684 60

1127 2701 1331 2744 Cibatum
1363 2704 1606 2744 comestum

1128 2773 1302 2816 Circum
1338 2773 1514 2828 inspicit
1545 2772 1706 2827 ubique
1738 2771 1922 2827 inquirit

1128 2846 1480 2888 Circumforanus
1528 2844 1603 2899 qui
1647 2843 1982 2885 aduocationum

1187 2933 1317 2959 causa
1350 2916 1633 2960 circumforat
1665 2918 1708 2957 01
1740 2918 1981 2957 conuentus

1184 2993 1369 3045 uagatur

330 3145 363 3184 1)
396 3142 430 3175 B
458 3143 580 3178 littera
605 3145 729 3188 quarti
754 3143 953 3178 voluminis
973 3155 1011 3187 p.
1035 3146 1109 3179 589
1123 3155 1195 3188 sqq.
1223 3144 1406 3188 eoescripta
1432 3147 1483 3178 est
