2216 3402
146 130 204 172 60

146 240 321 285 Culleus
348 243 503 297 genere
527 239 754 282 masculini
781 240 1003 296 geminato

204 313 236 354 li
257 314 415 355 dicitur
435 316 502 355 est
523 315 668 355 autem
695 314 791 353 uter
812 326 864 353 ex
882 311 1003 356 ¹corio

199 385 345 433 factus
365 385 411 427 in
426 398 510 439 quo
530 383 743 438 parricide
759 398 857 426 cum
878 383 1005 425 simia

187 457 321 513 ‚gallo
343 460 386 498 et
414 458 611 511 serpente
638 455 794 498 inclusi
821 455 867 497 in
894 455 1002 497 mari

203 528 574 583 praecipitabatur

145 599 322 642 Culmus
357 600 547 642 calamus
582 599 698 654 spice
731 597 797 656 ((Ζο
824 597 898 656 ql.)

145 671 324 714 Culmus
357 673 423 713 est
454 671 547 726 ipse
569 671 760 713 calamus
783 671 899 725 spice
928 670 1001 726 qui
1029 722 1034 727 Π

204 758 229 784 3
261 743 478 785 radicibus
506 743 597 785 eius
626 743 822 786 nascitur
848 745 892 784 et
918 743 1002 785 dic-

205 818 275 856 tus
304 815 472 857 culmus
495 814 619 870 quasi
645 815 838 857 calamus
859 812 1001 871 (Isffl.)

147 886 300 931 Cultus
334 890 401 928 est
434 886 567 929 animi
600 902 649 929 ac
680 887 764 929 loci
797 885 864 943 (de
891 883 966 943 91.)

109 968 125 992 5
146 956 315 1000 Oumba
346 958 467 1001 locus
499 958 624 1000 nauis

92 1543 124 1567 10

94 2258 126 2283 15

145 1029 255 1072 Cum
293 1045 360 1072 me
400 1030 462 1072 sic
501 1030 703 1072 dicebant
741 1033 784 1072 et
823 1045 921 1072 cum
960 1033 1003 1072 te

205 1102 318 1158 quod
361 1117 475 1144 nunc
527 1102 770 1158 elegantius
819 1101 1000 1144 dicimus

204 1176 349 1216 tecum
381 1188 550 1215 mecum

146 1245 411 1301 Cumprimis
444 1245 643 1300 inprimis

145 1317 253 1360 Cum
294 1320 413 1359 recta
453 1332 582 1359 uerus
622 1320 867 1360 correxerat
907 1333 1003 1360 con-

203 1392 392 1431 torserat

145 1461 254 1504 Cum
283 1461 424 1503 uisum
444 1464 510 1503 est
535 1476 614 1516 pro
643 1477 739 1503 cum
767 1462 910 1503 uisum
937 1464 1004 1503 est

145 1533 371 1577 Cunabula
390 1533 599 1575 infantiae
620 1548 725 1575 eune
748 1536 849 1575 sunt
869 1534 1002 1588 panni

203 1606 249 1647 111
282 1606 439 1660 quibus
478 1605 667 1647 infantes
704 1606 1003 1647 obuuluuntur

145 1677 345 1720 Cuniculi
379 1692 513 1733 genus
542 1677 729 1732 quodam
761 1677 1000 1733 agrestium

204 1748 458 1790 animalium
479 1749 594 1803 quod
615 1764 770 1791 cauum
795 1749 999 1804 indagine

203 1820 371 1862 excludi
387 1821 614 1862 consueuit
629 1821 846 1876 speluncis
865 1819 1002 1877 (Flac.

204 1896 241 1934 et
270 1891 393 1947 Isicl.)

146 1964 368 2019 Cuptabat
400 1964 603 2018 cupiebat

146 2035 307 2078 Curare
340 2050 408 2077 res
441 2036 603 2078 incerte
636 2037 848 2091 dubieque
889 2037 999 2078 unde

206 2109 250 2149 et
282 2108 582 2162 crepusculum

147 2178 372 2222 Curriculo
407 2194 535 2221 cursu
567 2180 707 2222 ueloci
739 2180 881 2234 (Isia.)

147 2249 420 2293 Curriculum
455 2266 628 2293 cursum
662 2252 870 2307 temporis

147 2464 352 2507 Damium
374 2466 635 2509 Sacrificium
656 2467 769 2522 quod
790 2467 834 2508 in
850 2469 1001 2521 operto

206 2538 258 2578 fit
291 2538 405 2592 quod
439 2539 544 2580 bene
572 2538 674 2580 deae
707 2538 910 2580 mulieres
944 2538 1002 2579 fa-

207 2607 328 2651 ciunt

148 2681 352 2723 Damium
385 2682 491 2723 bene
525 2682 628 2724 deae
662 2697 830 2724 sacrum

656 129 892 165 PLAvas
917 102 1047 165 m'ssffl
1073 129 1363 166 GLOSSARVM
1420 108 1426 116 '

1042 240 1262 290 Datantur
1287 240 1537 294 frequenter
1560 240 1718 282 dantur
1738 238 1899 298 (γίνῃ.)

1042 300 1287 354 Decalcatis
1321 312 1371 353 de
1405 312 1520 355 calce
1554 311 1714 354 ablatis
1754 354 1759 359 ,

1043 383 1255 426 Deciditis
1288 383 1454 425 cadetis
1483 383 1554 424 uel
1586 383 1808 426 inchiditis

1042 455 1269 498 Deciscere
1308 454 1539 497 dissentire
1577 455 1648 497 uel
1680 470 1705 497 a
1741 470 1898 511 propo-

1099 528 1184 570 sito
1218 527 1404 569 alienare
1437 527 1506 568 uel
1539 526 1710 583 seiungi

1038 599 1109 653 De,
1144 602 1296 642 contra
1333 599 1459 640 uideo
1499 599 1658 641 dicitur
1696 613 1778 641 usu
1808 614 1898 642 non

1099 671 1266 713 ratione
1319 671 1392 712 sed
1442 671 1596 712 melius
1635 673 1702 713 est
1744 673 1897 713 contra

1101 757 1231 798 quam
1263 743 1313 800 de
1347 745 1500 784 contra

1041 814 1293 857 Decumanu
1337 814 1527 857 maximo
1573 831 1599 857 a
1642 815 1788 858 fructu
1832 816 1900 858 de-

1101 887 1213 929 cimo
1247 884 1314 943 (de
1341 884 1416 942 ql.)

1041 958 1232 1000 Dedecet
1263 973 1352 1000 non
1384 958 1506 1000 decet
1539 957 1605 1014 (dc
1631 957 1707 1016 yl.)

1041 1030 1208 1072 Dedere
1260 1032 1326 1071 est
1370 1044 1395 1070 a
1440 1029 1683 1073 dedictione
1735 1031 1899 1074 dictum
1920 1043 1953 1069 25

1100 1101 1287 1144 dedictio
1321 1101 1436 1143 enim
1470 1101 1628 1144 dicitur
1656 1103 1827 1158 quando
1855 1118 1900 1145 se

1099 1174 1207 1216 uicti
1228 1176 1303 1215 aut
1323 1173 1523 1216 uincendi
1549 1173 1699 1217 hostes
1726 1175 1900 1217 uictori-

1100 1246 1181 1287 bus
1213 1245 1393 1288 tradunt

1042 1317 1174 1360 Dedit
1207 1317 1412 1372 dispersit
1449 1317 1696 1374 diuulgauit
1735 1321 1785 1360 ut
1824 1321 1901 1361 tua

1101 1389 1228 1431 terris
1263 1389 1381 1431 dedit
1412 1389 1529 1430 fama

1041 1461 1249 1504 Defecare
1282 1464 1349 1502 est
1381 1461 1594 1503 decollare
1628 1465 1671 1504 et
1705 1478 1772 1504 res
1802 1477 1899 1505 con-

1100 1533 1197 1574 dam
1225 1532 1407 1574 mixtam
1435 1548 1459 1574 a
1485 1532 1649 1576 fecibus
1677 1535 1899 1590 segregari

1042 1604 1303 1647 Defrensum
1348 1605 1557 1647 detritum
1601 1606 1713 1648 unde
1758 1606 1897 1649 adhuc

1098 1676 1245 1719 frensa
1282 1676 1385 1718 faba
1416 1691 1498 1732 que
1533 1676 1698 1719 obtrita
1738 1677 1900 1734 frangi-

1099 1752 1171 1790 tur
1204 1746 1269 1805 (ᾱο
1297 1747 1371 1804 yl.)

1040 1820 1374 1862 Defunctorium
1395 1822 1461 1862 est
1482 1820 1693 1876 quidquid
1711 1821 1776 1863 ita
1797 1822 1897 1864 dici-

1100 1895 1171 1934 tur
1198 1892 1267 1934 uel
1294 1892 1345 1933 fit
1376 1895 1426 1933 ut
1453 1892 1506 1934 ad
1534 1892 1665 1934 finem
1699 1893 1898 1936 alicuiius

1100 1964 1162 2006 rei
1206 1966 1282 2005 aut
1317 1963 1553 2005 terminum
1593 1967 1794 2018 expectet
1831 1964 1900 2007 de-

1100 2035 1224 2091 fungi
1270 2034 1383 2077 enim
1422 2035 1546 2077 finire
1591 2035 1810 2092 significat
1851 2040 1899 2078 ut

1100 2107 1347 2149 demoribus
1381 2106 1562 2148 dicimus

1040 2179 1270 2235 Deguptus
1302 2178 1414 2234 pelle
1442 2180 1595 2220 exutus
1628 2177 1671 2220 id
1698 2181 1765 2220 est
1793 2179 1893 2221 clite
1914 2193 1949 2219 30

1099 2250 1345 2306 expoliatus

1040 2322 1220 2365 Deicida
1247 2322 1321 2378 qui
1347 2322 1475 2364 deum
1502 2322 1662 2364 occidit
1687 2325 1737 2365 ut
1761 2322 1898 2365 homi-

1100 2394 1196 2436 cida
1229 2394 1302 2449 qui
1336 2393 1556 2436 hominem

1040 2465 1198 2508 Deiero
1232 2465 1334 2507 deos
1366 2465 1461 2508 iuro

1040 2537 1287 2579 Deirudunt
1318 2538 1540 2592 expellunt
1571 2538 1761 2580 liberant

1040 2609 1218 2651 Deiscat
1251 2609 1471 2651 deiscebat

1041 2680 1217 2723 Deiscet
1248 2683 1445 2736 patescet

1917 397 1953 422 20

1916 2694 1951 2720 35

245 2827 274 2858 1.
302 2834 441 2868 genera
463 2825 467 2867 Ι
490 2823 656 2869 paricidc
682 2824 694 2868 ΙΙ
720 2827 751 2858 4.
778 2823 848 2857 hac
868 2825 881 2869 Η
909 2826 940 2859 5,
968 2821 1076 2858 nauis
1104 2834 1119 2857 s
1140 2824 1151 2867 11
1178 2827 1207 2858 6.
1236 2823 1317 2857 tum
1343 2823 1410 2866 13011
1431 2826 1462 2857 8.
1489 2823 1701 2857 rectauerat
1718 2823 1730 2868 u
1751 2826 1806 2858 10.
1833 2811 1897 2857 01)-

149 2881 352 2917 110111111113111·

423 2882 676 2919 11.-011111ου11
708 2893 825 2927 genus
853 2882 1060 2929 agrestium
1088 2881 1309 2916 animalium
1336 2911 1342 2917 .
1371 2881 1464 2916 dicti
1491 2893 1562 2926 que
1589 2880 1812 2916 sicanniculi
1838 2892 1898 2917 eo-

149 2941 249 2986 quod
275 2953 408 2976 canum
434 2942 612 2989 indagine
634 2942 833 2988 capiantur
858 2942 918 2978 uel
946 2941 1194 2977 excludantur
1220 2942 1267 2976 ab
1295 2940 1481 2987 speluncis
1509 2942 1663 2986 (Plac.):
1689 2942 1739 2976 ad
1758 2942 1898 2977 Isidori

149 3002 265 3036 Iocum
292 3002 413 3046 (XIX
430 3006 488 3046 34,
508 3004 544 3047 5)
571 3004 747 3038 aberrans
772 3015 796 3038 a
821 3003 897 3038 cod.
925 3002 1048 3037 Paris.
1075 3002 1243 3036 omissum
1265 3002 1275 3045 l}
1298 3004 1352 3036 19.
1380 3000 1518 3035 albatis
1539 3002 1550 3045 ΙΙ
1570 3004 1625 3035 20.
1654 2999 1790 3035 caditis
1814 3003 1818 3043 1
1841 3000 1896 3046 in-

149 3059 275 3095 ciditis
313 3062 324 3104 ΙΙ
368 3065 422 3096 25.
450 3062 624 3096 honestes
661 3063 672 3107 ΙΙ
710 3066 765 3098 27.
794 3062 966 3097 decolare
1001 3064 1006 3105 Ι

1042 3071 1239 3105 segregare
1271 3061 1282 3105 11
1315 3064 1370 3095 28.
1397 3059 1487 3094 faba
1513 3070 1586 3104 quo
1615 3060 1620 3105 Ι
1654 3059 1750 3104 plac.
1777 3060 1854 3096 cod.
1886 3059 1898 3105 11

149 3123 205 3155 29.
234 3119 392 3155 alicuius
418 3121 430 3164 11
459 3124 513 3156 30.
541 3121 751 3167 Degluptus
783 3125 794 3167 ΙΙ
825 3125 882 3157 31.
910 3119 1067 3156 Deicida
1093 3121 1150 3154 est
1182 3122 1193 3164 11
1225 3124 1280 3155 33.
1306 3118 1515 3154 Deiradunt
1545 3120 1557 3163 Η
