2175 3428
242 125 325 167 184

237 233 518 290 Gonpagibus
552 224 764 280 iuncturis

238 305 488 361 Conpagine
522 304 719 346 iuncturc

216 382 218 384 ’
239 378 446 433 Conpago
479 375 727 419 coniunctio

238 449 444 504 Conpago
475 447 678 489 iunctura

201 535 217 557 5
238 519 445 576 Conpago
472 519 624 574 kapita
650 520 752 560 sunt
779 532 956 560 ossuum
977 519 1094 561 (licta

297 606 345 633 eo
369 591 483 646 quod
510 590 594 632 sibi
615 592 827 645 conpacta
851 590 998 632 neruis
1024 591 1093 632 ucl

296 663 466 718 glutino
503 661 691 717 quodam
722 661 927 704 adereant

237 733 545 789 Comparcendo
579 733 723 789 sepius
755 733 972 788 parcendo

237 805 531 860 Conparietici
565 807 788 848 consortes

237 876 516 933 Conpascuus
550 891 654 934 ager
680 877 821 920 dictus
849 877 951 932 quia
983 877 1091 919 diui—

295 949 467 992 soribus
502 963 707 1005 agrorum
733 949 913 991 relictus
946 952 1012 991 est
1039 949 1091 990 ad

293 1021 556 1076 pascendum
589 1021 879 1063 communiter
910 1021 1065 1063 uicinis

219 1092 533 1154 ¹Conpendium
566 1093 735 1134 lucrum

181 1178 213 1202 10
235 1164 564 1220 Conperenclina
603 1164 677 1219 qui
714 1160 939 1219 smmstina
978 1163 1090 1205 diem

294 1237 377 1278 fert

235 1307 610 1363 Conpereiulinare
644 1307 688 1349 in
720 1307 788 1349 1110
820 1307 952 1348 tertio

236 1379 629 1435 Conperendinatio
662 1378 815 1421 dilatio
847 1378 996 1421 iudicii

237 1450 587 1506 Conperenclinat
624 1451 668 1493 111
704 1451 886 1506 longum
925 1466 1091 1505 procra-

296 1523 432 1564 stinat

237 1594 429 1649 Conplex
469 1594 610 1636 (11013115
645 1593 746 1648 quia
784 1608 870 1635 uno
912 1596 1091 1648 peccato

295 1665 365 1707 uel
399 1664 578 1707 crimine
605 1664 730 1706 alteri
756 1667 822 1706 est
848 1665 1091 1720 applicatus

297 1737 349 1779 ad
381 1737 544 1779 malum
571 1737 624 1778 aul
653 1737 816 1778 bonum
843 1751 946 1779 11010
972 1752 1092 1779 num-

297 1823 427 1864 quam
459 1808 642 1850 dicimus
675 1807 914 1863 conplicem

189 1894 220 1918 15
242 1880 469 1935 Conplices
502 1880 665 1922 conscii

239 1952 557 2007 Conplueretur
587 1951 739 2007 pluuia
769 1950 1020 1993 inficeretur

239 2023 483 2078 Conplueta
519 2022 670 2077 pluuia
708 2022 870 2064 infecta
902 2022 955 2064 ad
994 2038 1094 2065 area

298 2096 463 2137 (lictum

239 2166 554 2221 Conplusculos
588 2165 927 2220 conpluressime

241 2237 487 2292 Conpotatu
498 2236 662 2291 pariter
674 2236 822 2278 bibere
832 2237 1015 2279 (1110111111
1027 2241 1095 2279 est

187 2322 220 2346 20
241 2308 483 2363 Conpotem
516 2322 897 2362 conpossessorem

241 2378 562 2434 Conquassabit
595 2378 809 2434 confregit

241 2452 591 2505 Conquassatum
624 2451 835 2492 conlisum
871 2454 1074 2494 uexatum

242 2522 514 2577 Gonqucstus
548 2522 789 2576 querellans

362 2676 395 2719 1)
428 2686 475 2719 po
497 2680 580 2720 post
606 2687 622 2710 5
647 2686 673 2710 s.
701 2686 766 2711 scr.
799 2677 811 2720 11

697 122 951 158 EXCERPTA
977 122 1042 156 EX
1067 122 1210 157 LIBRO
1238 121 1527 156 GLoSsARVM

1133 231 1450 285 conquirentes
1484 233 1711 272 causantes

1132 301 1461 357 Conregionalis
1512 317 1563 344 ex
1613 316 1699 344 una
1751 301 1983 357 eademque
2005 312 2039 338 25

1191 373 1367 429 regione

1132 445 1397 488 Consarsum
1446 445 1693 500 plumatum
1742 445 1813 488 uel
1863 448 1986 488 acute

1191 519 1361 558 textum

1133 587 1349 630 Consessu
1376 588 1419 630 id
1440 592 1506 631 est
1533 584 1832 644 spectatorum
1858 589 1986 631 turba

1132 658 1346 702 Consistis
1381 663 1472 702 stos
1507 675 1821 703 commemoras

1133 729 1286 774 Consit
1318 731 1483 775 iudicat

1132 802 1321 846 Consors
1355 804 1513 847 dicitur
1540 804 1614 859 qui
1644 807 1809 846 sortem
1841 804 1986 860 iungit
2005 815 2040 840 30

1191 875 1304 917 sicut
1331 878 1375 918 et
1401 890 1580 918 consors
1600 879 1790 918 >uocatur
1811 875 1885 931 qui
1912 890 1986 918 cor

1189 947 1333 1003 iungit

1131 1017 1433 1073 Consponsum
1467 1019 1813 1074 conpromissum

1130 1088 1504 1147 Conspoponditl)
1538 1089 1702 1145 pariter
1735 1089 1911 1145 spondit

1129 1161 1433 1217 Consponsum
1500 1161 1848 1218 conpromissum

1187 1233 1434 1289 pollicitum

1131 1305 1431 1361 Constipuissc
1471 1308 1696 1361 stuporem
1732 1320 1986 1361 perpessum

1189 1377 1324 1420 fuisse

1131 1449 1396 1492 Constucluit
1428 1449 1556 1491 simul
1585 1463 1682 1491 cum
1713 1448 1790 1491 illo
1818 1449 1986 1492 studuit
2005 1460 2040 1486 35

1131 1519 1394 1564 Consubrini
1422 1521 1495 1576 qui
1528 1521 1579 1563 de
1611 1520 1797 1577 singulis
1830 1521 1986 1564 sorori-

1189 1593 1271 1635 bus
1303 1595 1542 1636 nascuntur

1132 1663 1395 1707 Consubrini
1432 1664 1514 1706 filii
1553 1663 1757 1707 auunculi
1790 1666 1865 1706 aut
1901 1679 1986 1706 ma-

1190 1739 1352 1778 tertere

1132 1806 1365 1850 Consuetio
1399 1808 1664 1851 consuetudo

1131 1878 1435 1922 Consuisceret
1466 1879 1648 1921 inferret

1131 1950 1314 1993 Consuit
1346 1951 1566 1994 ordinabit
1596 1951 1808 1994 iudicabit

1132 2021 1367 2065 00115111010
1401 2022 1633 2078 aliquando
1664 2023 1711 2064 in
1742 2023 1905 2066 malum
1937 2026 1986 2065 ut

1191 2097 1257 2136 est
1294 2094 1394 2136 illut
1432 2093 1581 2150 throgi
1618 2093 1664 2136 in
1706 2094 1820 2136 libro
1866 2109 1984 2137 sexa-

1191 2165 1356 2221 gesimo
1397 2166 1584 2208 secundo
1616 2166 1667 2208 de
1702 2165 1845 2208 fraata
1882 2180 1985 2222 rege

1191 2252 1290 2279 cum
1322 2237 1454 2279 muka
1480 2237 1714 2279 crudeliter
1740 2237 1987 2280 consuleret

1190 2309 1231 2349 in
1267 2308 1395 2350 exilio
1430 2324 1454 2350 a
1485 2309 1646 2364 populo
1679 2323 1757 2351 suo
1788 2309 1969 2364 pellitur

1131 2379 1366 2436 Contagies
1400 2383 1626 2423 contactus
1658 2381 1704 2422 in
1735 2380 1918 2423 culturis

1131 2449 1347 2507 Gontagio
1380 2451 1677 2506 coinquinatio

1131 2523 1345 2580 Contagio
1379 2524 1692 2566 contaminatio
1724 2515 1980 2567 criminum'

1918 1161 1984 1204 uel

2005 1961 2039 1986 40

361 2810 391 2841 1.
426 2805 664 2852 Conpagibus
697 2819 741 2842 ew
772 2806 1006 2852 eonpagines
1038 2817 1128 2842 corr.
1167 2808 1179 2851 ΙΙ
1217 2811 1247 2841 2.
1276 2806 1511 2853 Conpagines
1549 2810 1560 2853 ΙΙ
1599 2811 1630 2843 5.
1658 2810 1854 2854 compacta
1882 2813 1887 2852 Ι
1918 2809 1982 2844 ad-

240 2865 397 2900 hereant
427 2867 438 2910 11
470 2870 502 2900 8.
529 2865 612 2901 isid.
640 2867 715 2901 cod.
747 2868 759 2911 ΙΙ
794 2871 845 2902 10.
873 2868 960 2911 post
985 2865 1149 2901 crastina
1171 2866 1175 2911 1
1199 2866 1298 2901 dium
1324 2866 1437 2901 difert
1466 2867 1477 2911 ΙΙ
1510 2870 1563 2902 11.
1592 2866 1653 2902 die
1677 2867 1789 2903 tertio
1814 2880 1859 2904 ex
1884 2867 1983 2903 diem

243 2925 392 2959 tertium
418 2936 508 2960 corr.
530 2927 541 2970 ΙΙ
562 2929 616 2961 12.
643 2925 767 2960 iuditii
787 2927 798 2970 ΙΙ
826 2929 879 2962 14.
905 2925 1044 2961 dicitur
1065 2927 1070 2969 Ι
1093 2925 1277 2971 aplicatus
1301 2926 1305 2972 Ι
1335 2937 1358 2961 a
1381 2925 1520 2961 bonum
1544 2926 1548 2972 1
1571 2926 1765 2971 conplicon
1785 2929 1796 2973 ΙΙ
1817 2931 1871 2964 15.
1898 2938 1982 2962 con-

243 2983 306 3017 stii
348 2986 360 3027 ΙΙ
405 2988 459 3020 16.
487 2984 576 3029 plua
618 2987 630 3028 11
674 2990 729 3021 28.
758 2986 835 3020 stas
860 2997 878 3021 c
903 2997 993 3021 corr.
1030 2987 1042 3030 ΙΙ
1085 2988 1140 3020 30.
1168 2987 1322 3021 uon-ator
1358 2987 1369 3029 ΙΙ
1407 2990 1462 3022 37.
1490 2985 1722 3020 Consubruni
1759 2988 1770 3031 Η
1807 2989 1863 3022 39.
1889 2986 1982 3022 Con—

243 3042 403 3077 suis-cere
434 3046 446 3088 Η
477 3047 532 3079 41,
560 3043 654 3078 illud
679 3056 724 3080 ew
749 3043 837 3079 illut
861 3046 903 3080 in
927 3046 1030 3081 scrib.
1058 3056 1148 3080 corr.
1172 3047 1176 3087 1
1206 3044 1458 3090 sexsagcsimo
1481 3045 1485 3091 Ι
1514 3055 1597 3079 011111
1623 3044 1743 3079 multa
1771 3046 1782 3089 ΙΙ
1814 3048 1869 3080 43.
1897 3056 1981 3080 con-

243 3101 412 3146 quinatio
444 3104 454 3146 Η
