2216 3402
196 141 252 181 24

199 250 387 292 Glaucus
418 250 536 291 color
570 248 783 289 interdum
818 260 894 299 pro
922 237 1050 285 uiridi

258 322 435 377 ponitur
467 323 510 361 ct
543 321 614 375 qui
649 319 887 360 admixtum
919 316 1052 357 habet

258 393 391 434 uirori
443 392 644 433 alborem.
707 404 808 430 nam
852 388 1053 443 Uirgilius

259 465 341 506 hoc
392 464 528 505 sciens
580 461 755 517 glaucas
807 459 960 501 salices
1011 461 1055 500 et

261 536 398 577 oliuas
450 534 626 589 glaucas
677 531 799 572 dixit.
861 530 967 572 item
1010 530 1057 570 in

262 607 384 662 equis
406 608 480 647 aut
499 604 749 645 hominibus
777 602 920 658 glauci
943 601 1056 643 oculi

262 693 340 733 pro
369 676 580 732 splendidi
607 677 837 730 ponuntur.
871 673 1056 729 legimus

262 762 570 803 nonnunquam
612 750 655 788 ct
696 746 827 787 maris
870 745 1058 787 colorem

263 822 464 877 glaucum
503 819 587 861 dici
632 818 705 860 sed
743 820 846 859 tunc
887 817 1057 871 quando

265 891 454 935 canescit
491 890 696 932 fiuctibus
735 889 845 930 011ἅο
879 889 1057 943 glaucus

265 965 367 1005 deus
413 962 544 1004 maris
593 961 737 1003 senior
785 960 967 1015 fingitur
1011 973 1058 1000 ac

266 1035 434 1078 cautiae
467 1034 689 1075 fluctuum.

209 1108 364 1149 Grates
380 1107 486 1148 duae
502 1107 603 1147 sunt
624 1103 789 1160 gratiae
806 1117 914 1157 quae
930 1115 1061 1157 agun-

267 1182 349 1220 tur.
379 1178 453 1219 sed
468 1181 613 1218 tamen
627 1176 858 1217 indiscrete
872 1174 1063 1229 ponitur.

211 1251 376 1292 Globus
422 1249 579 1290 dicitur
624 1261 779 1303 genere
823 1237 1088 1287 masculino'

268 1321 432 1364 lunaris
464 1323 513 1362 ut
540 1319 741 1375 uirgilius
766 1319 1064 1372 lucentemque

271 1394 449 1449 globum
475 1391 612 1433 lunae.
646 1390 827 1446 globum
851 1391 996 1430 autem
1022 1390 1066 1429 et

273 1465 495 1521 glombum
523 1465 566 1504 et
596 1463 794 1518 glomera
816 1463 970 1502 neutro
998 1474 1066 1515 ge-

271 1551 372 1578 nere
404 1549 538 1590 pensa
570 1533 810 1575 mulierum.

216 1608 349 1651 Gibbi
381 1606 614 1664 gibbiores.

182 1693 196 1717 5
218 1678 552 1736 Gurgustiolum
592 1679 765 1718 antrum
804 1677 966 1717 secrete
999 1689 1068 1716 an<-

277 1754 465 1807 gustum.

220 1823 413 1865 Guorum
442 1820 516 1875 qui
544 1819 746 1875 peritiam
772 1817 937 1872 primae
963 1816 1071 1858 ueri-

278 1893 383 1936 tatis
416 1892 650 1934 insinuant.

221 1966 394 2008 Garrire
422 1967 567 2005 autem
593 1961 730 2004 multa
755 1961 889 2002 uerba
918 1962 961 2001 et
987 1974 1075 2001 sor-

282 2037 378 2078 dide
410 2035 544 2089 loqui.

225 2108 480 2151 Gratificum
512 2107 698 2161 gratum.
750 2102 974 2159 gratificus
1011 2104 1076 2143 est

285 2180 399 2222 enim
432 2177 569 2234 gratis
601 2176 774 2218 faciens.

229 2252 457 2294 Gratiosus
486 2248 558 2304 qui
584 2262 673 2289 non
702 2248 815 2288 iuste
845 2244 1076 2299 unicuique

289 2322 402 2377 quod
434 2322 624 2362 meretur
655 2318 821 2360 tribuit.

179 2407 209 2430 ¹0
231 2395 392 2436 Glaber
423 2406 558 2433 rasus.

232 2463 456 2507 Gimnasia
487 2462 689 2503 dicuntur
719 2461 815 2502 loca
847 2460 888 2501 in
925 2459 1081 2514 quibus

290 2534 393 2576 nudi
435 2533 632 2574 homines
677 2533 929 2573 exercentur
971 2530 1083 2572 unde

294 2605 484 2648 omnium
517 2618 650 2658 prope
689 2603 847 2644 artium
880 2601 1084 2643 exercitia

294 2675 508 2733 gimnasia
539 2675 750 2716 dicuntur.

238 2750 377 2790 Gazae
399 2747 599 2788 dicuntur
626 2745 802 2786 diuitiae
823 2744 973 2799 lingua
994 2757 1085 2798 per-

642 136 875 172 PLACIDVS
901 134 1153 170 LIBRORVM
1179 131 1494 169 ROMANORVM

1149 259 1292 285 sarum
1318 257 1341 284 a
1368 256 1474 297 gaza
1502 241 1658 295 oppido
1686 253 1940 295 graecorum

1150 315 1194 356 in
1226 329 1310 369 quo
1345 313 1448 355 olim
1479 326 1703 367 persarum
1729 325 1804 352 rex
1836 310 1942 352 diui-

1151 387 1235 427 tias
1269 386 1546 441 congesserat
1577 383 1817 424 uniuersas.

1093 457 1377 499 Gratissimus
1415 447 1458 497 et
1499 453 1642 496 animo
1682 457 1725 494 et
1766 467 1944 508 corpore

1153 529 1321 571 dicitur.

1095 599 1392 642 Genuinorum
1419 597 1615 640 dentium
1640 596 1814 652 proprie
1847 595 1946 637 ulti-

1154 687 1336 713 morum.

1096 744 1338 785 Gutturneo
1372 745 1509 797 gutto.
1968 748 2001 772 15

1098 815 1248 856 Gallus
1281 814 1425 868 pullus
1460 812 1728 868 gallinacius.

1098 885 1307 927 Gnaruris
1341 898 1501 940 gnarus
1535 882 1686 925 sciens.

1099 957 1328 999 Galliciola
1370 955 1530 997 cortice
1571 954 1693 997 nucis
1733 952 1950 1009 iuglandis

1157 1028 1287 1069 uiridi
1325 1042 1402 1082 per
1441 1041 1570 1081 quem
1611 1040 1767 1081 corpus
1804 1025 1952 1066 huma-

1157 1114 1262 1141 num
1293 1098 1481 1154 intelligi
1514 1098 1620 1139 uult.

1101 1171 1364 1213 Grauascela
1396 1184 1551 1225 graues
1583 1169 1626 1210 id
1659 1171 1726 1210 est
1758 1168 1870 1211 anni.

1102 1242 1274 1284 Gramis
1307 1241 1468 1298 gremis
1497 1255 1604 1297 quae
1637 1243 1739 1282 sunt
1769 1239 1955 1295 pituitae
1977 1248 2010 1272 2⁰

1163 1314 1400 1356 oculorum.

1105 1386 1264 1428 Gerras
1297 1399 1435 1440 nugas
1467 1384 1752 1439 ineptiasque.

1106 1457 1277 1513 Gorgos
1311 1455 1572 1498 aduerbialis
1604 1454 1884 1510 interpositio
1910 1456 1960 1496 ut

1164 1543 1292 1584 porro
1325 1542 1502 1583 prorsus
1534 1526 1752 1568 nimirum.

1106 1600 1495 1643 Gnaricantionum
1531 1612 1780 1640 sermonum
1819 1590 1986 1640 conlo—¹

1166 1672 1240 1727 qui
1284 1670 1464 1726 parcitis
1510 1670 1562 1711 ad
1611 1684 1717 1724 quas
1763 1668 1962 1711 cruribus

1168 1742 1387 1798 colligatis
1409 1742 1681 1784 ambulantes
1708 1743 1963 1797 grauatores

1170 1813 1382 1856 dicuntur.

1113 1886 1248 1928 Gerro
1280 1887 1470 1941 nugator
1502 1884 1644 1926 dictus
1677 1898 1702 1925 a
1734 1883 1883 1939 gerris.

1113 1957 1292 1999 Geniset
1318 1971 1368 1998 ea
1393 1959 1517 2011 parte
1543 1955 1692 1997 uultus
1717 1969 1825 2009 quae
1851 1954 1966 1996 inter
1986 1961 2020 1987 25

1171 2028 1308 2070 malas
1327 2031 1370 2069 et
1391 2027 1605 2069 auriculas
1624 2028 1690 2067 est
1714 2026 1810 2068 ideo
1831 2040 1966 2082 genae

1173 2099 1313 2140 dictae
1332 2113 1382 2140 eo
1398 2097 1512 2153 quod
1531 2097 1672 2138 infans
1694 2097 1739 2139 in
1758 2100 1882 2139 utero
1903 2112 1968 2139 ca-

1173 2172 1252 2225 put
1272 2169 1533 2212 inclinatum
1554 2169 1669 2210 inter
1690 2183 1832 2225 genua
1846 2171 1967 2210 tenet

1116 2242 1306 2285 Gnoscet
1338 2241 1497 2283 sentiet
1529 2240 1785 2295 experietur.

1118 2313 1327 2356 Gnoritur
1371 2311 1596 2368 cognitum
1646 2311 1730 2353 sibi
1780 2325 1970 2366 comper-

1177 2388 1272 2426 tum
1305 2387 1383 2426 est.

1122 2457 1373 2499 Glomerum
1405 2454 1584 2509 pallium
1616 2454 1892 2509 pastoralem.

1155 2585 1374 2630 INCIPIT
1406 2585 1522 2627 PER
1554 2584 1596 2626 H
1627 2583 1940 2626 LITTERAM.

1122 2669 1291 2712 Heroes
1306 2669 1508 2711 dicuntur
1526 2666 1611 2709 uiri
1631 2667 1744 2709 aerei
1763 2666 1833 2709 uel
1854 2667 1972 2709 caelo
1993 2684 2028 2710 ³0

1183 2741 1303 2797 digni
1329 2741 1373 2782 id
1401 2741 1466 2781 est
1491 2738 1627 2780 fortes
1648 2739 1718 2780 uel
1744 2738 1973 2793 sapientes.

336 2881 365 2911 1.
393 2887 415 2909 a
436 2873 573 2909 canitie
599 2876 640 2909 in
658 2885 771 2919 mara.
787 2872 836 2908 112.
869 2883 891 2906 a
917 2871 1058 2906 canicie
1083 2872 1125 2906 in
1149 2869 1313 2915 υιανφεῖ
1331 2870 1342 2913 ΙΙ
1363 2873 1393 2904 3.
1421 2867 1575 2914 globum
1601 2868 1727 2902 autem
1753 2867 1791 2901 et
1810 2866 1976 2911 glomum

239 2938 288 2981 011
311 2939 362 2969 11.
389 2934 529 2967 antium
556 2946 577 2969 α
597 2935 608 2978 ΙΙ
636 2936 688 2968 14.
722 2932 974 2967 Genuiuorum
1006 2935 1089 2966 ante
1115 2941 1204 2965 corr.
1232 2942 1254 2964 α
1277 2932 1280 2973 Ι
1304 2928 1472 2963 dentium
1497 2938 1562 2962 om.
1590 2938 1613 2961 a
1631 2927 1642 2971 ΙΙ
1665 2930 1718 2962 16.
1745 2925 1976 2972 gallinaceus

242 3008 259 3030 e
284 2996 295 3038 Η
335 2997 388 3028 18.
421 2991 654 3027 Galliciciola
687 3004 709 3026 a
752 2992 763 3035 Η
807 2995 862 3026 20.
896 2989 1013 3036 gemis
1046 3002 1069 3024 a
1102 2988 1107 3035 1
1140 2988 1286 3033 pitutac
1318 2989 1368 3023 ab
1407 2989 1418 3032 ΙΙ
1456 2989 1509 3021 23.
1543 2984 1717 3030 conloqui
1747 2984 1918 3031 parcitis]
1951 2984 1975 3019 f.

244 3053 410 3089 Grallam
436 3051 616 3096 {mrticam
642 3051 683 3085 in
707 3062 820 3096 marq.
842 3051 878 3085 b²
902 3052 906 3093 Ι
929 3048 1150 3093 grallatores
1176 3049 1217 3082 in
1235 3059 1348 3093 mary.
1370 3046 1406 3082 b²
1426 3047 1437 3091 Η
1459 3048 1511 3079 25.
1539 3044 1650 3079 (jonis
1668 3073 1696 3080 ..
1724 3054 1768 3078 ea
1793 3044 1899 3088 parte
1924 3054 1943 3078 c
1967 3042 1978 3088 Η

244 3117 299 3147 20.
326 3109 573 3146 INCIPIVNT
599 3122 622 3144 α
659 3111 670 3153 11
713 3113 767 3144 30.
795 3108 958 3143 Heredes
985 3120 1012 3144 c.
1050 3107 1188 3142 Hereos
1214 3119 1237 3142 a
1278 3109 1282 3152 Ι
1322 3106 1383 3141 001
1409 3104 1477 3140 edo
1504 3103 1608 3149 digni
1634 3116 1657 3139 a
1691 3105 1694 3147 Ι
1730 3103 1776 3137 ob
1803 3112 1891 3138 aera
1915 3102 1935 3137 b
