2216 3402
693 112 925 148 PLACIDVS
955 113 1083 147 LIBRI
1112 112 1403 149 GLOSSARVM
1865 114 1916 155 81

171 221 365 263 Libitina
397 222 500 264 deea
530 225 598 264 est
629 236 899 278 paganorum
932 222 1027 263 libi-
1071 223 1196 265 Lituo
1229 223 1355 280 uirga
1392 224 1572 266 incurua
1609 224 1843 278 pastoralis
1877 227 1920 265 et

229 293 342 334 dinis
370 294 448 335 dea
468 309 598 349 quam
625 293 799 349 quidam
825 308 1026 335 uenerem
1125 298 1189 336 est
1221 295 1390 351 generis
1423 295 1619 337 feminini
1653 292 1796 351 (Isid.)

230 365 487 407 infernalem
520 380 613 407 esse
647 365 848 407 dixerunt
881 368 1026 406 tamen
1065 365 1260 408 Liuitina
1292 367 1371 408 dea
1402 365 1596 408 libidinis
1625 380 1755 420 quam
1788 366 1920 407 etiam

229 438 273 476 et
311 436 492 478 libidina
531 437 690 479 dicitur
732 436 871 479 lectus
916 451 1026 478 mor-
1124 437 1324 479 nonnulli
1338 453 1541 480 uenerem
1555 437 1812 479 infernalem
1827 453 1919 480 esse

229 510 405 549 tuorum
431 508 502 550 uel
527 509 648 551 locus
681 508 727 549 in
754 523 837 563 quo
865 509 1026 550 mortui
1125 509 1329 552 dixerunt
1367 510 1440 551 sed
1472 510 1555 552 hoc
1587 513 1714 565 poete
1750 510 1922 566 fingunt

229 582 511 622 contutantur
543 577 658 636 (om.)
1125 578 1267 637 (Isid.)
1848 583 1856 589 '

169 650 339 692 Libitus
384 651 475 693 sine
520 651 815 706 pre-positione
862 652 1026 693 oblitus
1064 650 1257 694 Liuitina
1282 653 1437 695 licetus
1464 657 1735 696 mortuorum
1760 654 1830 696 uel
1862 655 1922 696 10-

229 723 418 765 inmeror
450 721 565 780 (om.)
1127 738 1200 766 cus
1239 724 1285 765 in
1318 740 1402 779 quo
1442 725 1604 767 mortui
1637 729 1922 768 contutantur

168 793 292 836 Licet
318 794 572 836 aduerbium
599 794 904 850 permittentes
932 809 1024 837 esse
1123 793 1266 853 (Isid.)

228 866 500 922 intellegitur
532 864 599 924 (de
625 865 700 924 9Ζ.)
1063 866 1191 909 Locis
1241 867 1310 909 his
1362 883 1444 922 que
1490 872 1692 911 eruerant
1742 870 1921 925 repletis

168 937 388 980 Limasses
422 939 694 981 conlocasses
729 937 869 995 (Isid.)
1123 939 1231 981 locis
1278 954 1359 994 que
1398 955 1536 983 uacua
1574 944 1698 983 erant
1741 941 1920 996 repletis

131 1009 324 1052 sLimbo
355 1025 549 1066 purpura
581 1009 702 1067 (Cic.)
1124 1010 1337 1053 metafora
1387 1027 1412 1053 a
1462 1012 1592 1055 fossis
1642 1013 1757 1055 fosse
1808 1015 1921 1055 enim
1982 1056 1984 1058 ,

167 1081 393 1137 Limphari
420 1085 487 1124 est
512 1082 686 1124 baccari
713 1085 756 1124 et
782 1082 896 1124 furia
924 1098 1024 1138 qua·
1121 1082 1214 1124 erui
1258 1083 1462 1125 dicuntur
1501 1087 1544 1126 et
1588 1084 1787 1128 homines
1830 1087 1921 1127 erui

227 1154 326 1196 dam
371 1158 446 1196 aut
490 1154 746 1196 demonibus
794 1155 1024 1210 impletum
1122 1155 1157 1195 si
1204 1169 1228 1196 a
1271 1155 1552 1198 multitudine
1604 1157 1770 1199 detenti
1819 1158 1923 1199 libe-

226 1226 374 1282 rogari
399 1225 484 1268 huc
512 1229 642 1281 atque
669 1226 774 1269 illuc
794 1229 838 1268 et
865 1227 1024 1269 1118001·-
1122 1228 1274 1268 rentur

227 1313 320 1340 rere
365 1298 478 1340 sicut
521 1297 689 1353 limpha
726 1297 771 1339 id
809 1302 876 1341 est
914 1313 1026 1354 aqua
1061 1296 1251 1341 Loculos
1294 1299 1417 1342 locus
1463 1300 1623 1343 dicitur
1665 1302 1719 1343 ad
1758 1302 1922 1357 aliquid
1946 1315 1977 1340 15

225 1370 310 1412 huc
331 1373 462 1425 atque
488 1369 592 1412 11100
613 1369 800 1411 diriuata
827 1373 902 1412 aut
927 1370 1025 1413 fusa
1122 1371 1371 1424 ponendum
1402 1371 1449 1413 in
1480 1375 1597 1414 terra
1629 1372 1772 1415 factus
1810 1374 1922 1415 unde

227 1442 432 1484 discurrit
482 1444 584 1483 sunt
629 1441 805 1497 quidam
849 1442 923 1497 qui
968 1442 1027 1484 di-
1123 1444 1314 1484 tractum
1359 1446 1426 1485 est
1468 1459 1546 1499 per
1591 1444 1922 1488 diminutionem

228 1517 331 1556 cunt
363 1513 620 1568 limphatico
648 1513 805 1569 spiritu
839 1515 1025 1569 quodam
1123 1516 1173 1554 ut
1210 1513 1378 1556 loculos
1418 1515 1612 1558 dicamus
1655 1519 1699 1558 et
1741 1517 1922 1560 lucellos

227 1601 438 1642 aquarum
512 1586 794 1641 perturbatos
866 1586 1025 1642 agitari
1124 1585 1177 1626 ad
1221 1589 1365 1628 uestes
1408 1588 1478 1630 uel
1515 1588 1743 1643 pecuniam
1783 1593 1923 1632 custo-

227 1656 370 1716 (Isid.)
1126 1657 1326 1700 diendam

168 1730 446 1772 Liuiamenta
472 1730 771 1772 extremitates
796 1745 1027 1786 corporum
1066 1728 1213 1786 Longe
1248 1730 1512 1786 aliquotiens
1544 1747 1623 1788 pro
1656 1733 1783 1776 ualde
1816 1734 1922 1776 acci-

229 1805 278 1845 ut
304 1805 413 1858 puta
432 1803 507 1844 ubi
533 1802 685 1843 finitur
704 1803 886 1844 tendens
908 1803 1028 1845 deor-
1124 1800 1328 1856 piendum
1360 1805 1409 1845 ut
1440 1803 1570 1859 longe
1597 1803 1736 1847 discat
1764 1805 1817 1847 ab
1844 1806 1920 1848 1110

229 1890 325 1917 sum
359 1874 553 1916 auricula
585 1874 697 1915 unde
731 1877 774 1915 et
806 1874 1025 1929 pinctores
1124 1874 1320 1928 sapiente
1354 1877 1420 1916 ste
1451 1875 1655 1919 indoctus>
1682 1875 1821 1934 (Cic.)

227 1947 482 1989 liniamenta
513 1946 735 2001 appellant
764 1945 1026 2002 designatio-
1064 1944 1214 2001 Longe
1248 1945 1477 1988 manifeste
1504 1950 1579 1989 aut
1605 1948 1732 1991 ualde
1764 1948 1835 1991 uel
1859 1950 1921 1991 ni—

225 2034 301 2060 nes
322 2019 594 2075 singulorum
619 2018 667 2059 in
691 2018 928 2073 imaginem
953 2018 1024 2060 uel
1124 2018 1259 2059 mium
1292 2017 1398 2060 satis

227 2088 570 2146 expressioness)
609 2104 694 2145 qua
726 2092 879 2145 postea
912 2090 1023 2132 colo·
1063 2087 1367 2145 Longinquius
1399 2090 1573 2147 longius
1606 2092 1790 2135 ulterius

225 2163 346 2205 ribus
380 2161 663 2204 manifestant
695 2159 837 2218 (Isid.)
1061 2160 1256 2218 Longius
1289 2162 1387 2217 plus
1421 2159 1488 2219 (de
1514 2162 1588 2221 91.)

166 2234 277 2276 Linx
310 2248 446 2290 genus
479 2233 567 2276 fere
595 2233 781 2290 agrestis
814 2233 934 2274 uarie
968 2233 1023 2275 si-
1062 2232 1337 2276 Loramentis
1371 2234 1648 2289 laquearibus
1682 2235 1748 2293 (de
1769 2236 1843 2294 91.)
1940 2255 1974 2279 20

228 2306 344 2348 milis
365 2306 558 2362 leopardi
585 2306 723 2348 libero
750 2305 866 2361 patri
887 2320 1025 2348 sacra·
1063 2304 1269 2348 Lorarius
1302 2308 1446 2348 tortor
1479 2305 1546 2364 (de
1571 2307 1646 2364 91.)

227 2380 323 2420 tum
354 2376 500 2435 (Isicl.)
1064 2376 1225 2419 Lucide
1256 2378 1403 2433 palam
1436 2376 1556 2436 (Cic.)

168 2449 419 2506 Listrigone
440 2453 591 2506 gentes
614 2452 715 2492 sunt
730 2449 1025 2492 crudelissime
1063 2448 1274 2491 Lucinam
1314 2450 1389 2492 alii
1426 2451 1632 2494 iunonem
1664 2453 1739 2495 alii
1776 2455 1920 2497 ianam

229 2525 278 2563 ut
311 2522 496 2577 ciclopes
530 2519 673 2579 (Isid.)
1123 2521 1273 2563 dicunt
1306 2537 1388 2577 que
1419 2523 1690 2578 parientibus
1721 2529 1867 2581 preest

115 2612 148 2636 10
168 2592 368 2636 Litumos
405 2593 669 2650 pacientiam
706 2593 916 2636 calcatam
955 2593 1025 2635 uel
1064 2592 1327 2635 Luculenter
1390 2596 1618 2651 magnifice
1680 2597 1749 2638 uel
1807 2597 1919 2639 clare

227 2666 529 2708 crudelitatem
561 2666 743 2707 inrisam
774 2663 917 2722 (Ιείᾱ.)
1123 2663 1190 2721 (de
1212 2662 1287 2721 91.)

265 2808 299 2852 1)
330 2818 375 2842 ex
399 2808 442 2842 in
466 2806 506 2841 in
531 2819 622 2843 corr.
648 2819 693 2843 m.
709 2810 734 2843 2
762 2808 774 2852 ΙΙ

265 2930 295 2962 1.
322 2926 394 2961 dea
427 2928 433 2971 1
468 2927 724 2962 comtutantur
757 2928 762 2971 1
797 2926 904 2962 cicer.
930 2927 1006 2962 cod.
1045 2929 1057 2971 ΙΙ
1094 2930 1125 2961 2.
1153 2925 1335 2961 inmemor
1368 2927 1372 2969 l
1408 2925 1514 2962 cicer.
1541 2927 1616 2963 cod.
1655 2929 1667 2973 ΙΙ
1704 2931 1735 2963 3.
1761 2929 1916 2974 promit-

166 2986 273 3021 tendi
309 2988 321 3031 ΙΙ
359 2991 390 3022 7.
417 2985 666 3031 inpressiones
697 2988 709 3032 ΙΙ
748 2989 803 3022 11.
830 2986 1030 3021 incuruata
1055 2997 1099 3021 ex
1123 2985 1280 3020 incurua
1306 2997 1396 3021 corr.
1429 2987 1440 3030 ΙΙ
1479 2990 1532 3021 12.
1566 2985 1736 3022 libidinis
1762 2999 1807 3024 eoe
1831 2988 1916 3023 liui-

167 3045 265 3080 dinis
292 3057 382 3082 corr.
415 3048 427 3091 ΙΙ
465 3049 520 3081 15.
548 3046 729 3081 etrectum
755 3058 799 3082 eae
824 3046 1009 3081 etractum
1034 3056 1124 3080 corr.
1157 3047 1169 3089 ΙΙ
1207 3048 1261 3080 16.
1294 3044 1366 3080 iste
1397 3047 1408 3090 [Ι
1446 3049 1500 3082 23,
1535 3045 1688 3082 dianam
1720 3060 1764 3083 ecc
1788 3048 1916 3083 ianam

167 3117 260 3142 corr.
288 3105 300 3152 'l
333 3104 554 3151 parentibus
579 3108 591 3151 n

240 3172 326 3203 Corp.
346 3172 436 3204 gloss.
458 3173 509 3198 lat.
540 3174 611 3198 tom.
631 3172 666 3198 V.
1610 3171 1629 3202 ss
