2216 3402
694 105 929 141 PLACIDVS
954 105 1083 140 LIBRI
1111 103 1401 140 GLOSSARVM

227 218 438 274 temporis
471 218 658 273 spatiam
698 217 790 259 sine
822 232 851 258 n
884 218 927 257 et
960 218 1026 257 est

228 306 253 333 a
284 290 420 333 uerbo
454 289 600 332 actiuo
634 289 697 341 (de
724 286 798 344 ql.)

168 362 419 405 Obtundere
447 363 514 403 est
546 360 713 417 aliquid
738 360 784 401 in
810 358 1026 415 angustiis

225 434 444 477 includere
471 434 542 475 uel
566 432 775 488 inpellere
801 431 1026 473 obstruere

226 509 374 549 autem
413 505 450 548 si
490 505 712 547 hominem
749 504 950 560 proibere
990 503 1026 545 si

225 579 370 621 locum
391 576 630 620 edificando
653 576 852 618 claudere
869 575 935 633 (de
951 574 1025 630 ql.)

166 649 406 693 Obuenisse
428 648 574 691 uisum
589 662 684 690 cam
703 661 833 704 mago
853 661 1028 702 prouer-

223 722 346 764 bium
370 722 414 764 111
450 735 523 763 eos
546 720 705 775 quibus
734 722 881 775 preter
906 735 1028 775 spem

224 792 413 850 contigit
425 792 592 848 aliquid
602 792 673 834 uel
685 791 895 834 successit
905 789 1027 847 (Ode.)

165 865 368 909 Oburbas
402 864 731 908 circumscribes
772 863 939 905 dictum
972 863 1025 904 ab

226 938 379 980 arbore
432 951 514 993 que
572 939 638 978 est
692 935 737 977 in
791 936 1027 978 curbatura

224 1010 360 1052 aratri
401 1009 471 1051 uel
511 1025 536 1051 a
577 1008 695 1051 sulco
739 1007 914 1049 urbium
953 1006 1027 1062 qui

223 1082 392 1137 primus
419 1084 563 1124 aratro
586 1080 905 1123 circumductus
932 1093 1028 1134 pro-

223 1156 322 1209 pter
367 1153 645 1196 altitudinem
689 1166 839 1194 murus
885 1150 1028 1206 appel-

224 1227 342 1268 latur
374 1223 495 1283 (Cic.)

166 1298 381 1340 Occedere
410 1311 636 1340 occurrere
663 1296 733 1337 uel
762 1295 938 1337 obuiam
965 1310 1028 1337 66-

225 1370 324 1412 dere
358 1365 504 1427 (Isia.)

130 1456 142 1479 5
168 1440 390 1498 066111101)
431 1441 591 1483 dicitur
623 1454 780 1496 genere
819 1438 1027 1481 feminino

227 1516 271 1555 et
305 1514 484 1556 occiduo
517 1512 560 1554 id
594 1514 662 1554 est
696 1511 866 1566 quando
902 1510 1030 1552 multi

227 1585 484 1628 occiduntur
521 1584 618 1639 ipsa
656 1597 725 1625 res
759 1582 937 1625 occiduo
971 1582 1031 1624 di-

228 1658 340 1700 citur
373 1660 416 1699 et
448 1671 516 1699 me
549 1655 668 1698 illius
702 1670 833 1710 quam
866 1654 1025 1697 occisio

229 1730 331 1784 quia
369 1728 507 1771 occidi
546 1727 729 1770 dicimus
767 1742 857 1769 non
895 1726 1027 1769 occisi

227 1801 411 1842 uerbum
443 1800 534 1842 eius
568 1802 634 1841 est
667 1798 826 1841 occisio

170 1872 363 1915 Octuber
401 1872 563 1914 mensis
597 1887 621 1913 a
652 1885 833 1913 numero
873 1871 1031 1912 sumsit

226 1944 491 1986 uocabulum
530 1947 596 1986 est
628 1943 743 1985 enim
783 1945 966 1985 octauus
1007 1958 1032 1984 a

229 2017 387 2059 martio
421 2016 496 2072 qui
528 2019 594 2058 est
633 2014 897 2071 principium
929 2014 1029 2056 anni

229 2091 336 2144 aput
366 2088 553 2131 hebreos
589 2085 733 2144 (Isid.)

170 2160 275 2202 Odit
320 2161 442 2203 audit
486 2163 536 2201 ut
584 2160 733 2215 froger
783 2158 929 2215 frages
981 2161 1025 2200 et

230 2232 379 2275 clodus
413 2232 591 2274 claudus
625 2229 742 2288 (om.)

171 2304 288 2347 Odos
330 2304 436 2346 odor
479 2307 529 2345 ut
574 2302 692 2345 colos
732 2305 776 2345 et
817 2303 946 2345 arbos
986 2305 1030 2344 et

230 2371 355 2418 labos
390 2373 584 2432 (Galeas)

173 2449 468 2491 Odorameuta
512 2448 636 2503 quasi
680 2447 879 2490 timiama
924 2462 1035 2489 mas-

1868 100 1922 142 89

1126 215 1268 257 culino
1297 227 1452 269 genere
1479 227 1566 254 non
1588 210 1801 253 doriferus
1823 225 1924 266 quo-

1125 286 1252 328 modo
1274 285 1418 327 letifer
1444 283 1653 326 feminino
1679 283 1762 325 hoc
1784 282 1924 324 odori-

1125 358 1271 400 ferane
1280 360 1431 399 utrum
1441 357 1524 400 hoc
1533 354 1799 398 odoriferum
1810 351 1925 410 (om.)

1067 429 1331 472 Oeconomia
1362 429 1458 484 ipsa
1490 425 1718 483 dispositio
1751 426 1813 467 rei
1847 425 1919 466 ali-
1947 438 1978 461 10

1126 501 1247 544 cuius
1293 515 1376 556 que
1425 500 1547 556 prius
1599 499 1826 542 ordinatur
1875 500 1925 539 ut

1127 573 1373 628 disponitur
1417 573 1568 614 domos
1614 574 1657 613 et
1696 570 1758 613 sic
1795 569 1926 611 fabri-

1127 648 1250 687 catur
1300 644 1361 686 sic
1406 647 1449 686 et
1494 659 1518 685 a
1562 642 1704 698 poetis
1749 642 1819 684 1161
1872 641 1924 682 ab

1128 716 1379 759 auctoribus
1401 715 1691 770 oequonomia
1713 713 1835 769 prius
1863 727 1927 755 01·-

1126 788 1301 830 dinatur
1322 789 1366 830 et
1393 788 1455 829 sic
1476 786 1727 829 discribitur
1747 787 1796 827 ut
1821 787 1928 840 puta

1124 875 1177 902 ne
1222 860 1386 902 lederet
1432 858 1535 900 iuno
1573 872 1651 913 per
1690 858 1732 899 di
1771 857 1926 899 donem

1126 933 1398 975 troianorum
1421 945 1570 987 regem
1595 930 1676 985 hec
1696 928 1926 984 dispositio

1127 1003 1381 1048 oeconomia
1414 1003 1572 1045 dicitur
1604 998 1802 1059 (Galem')

1067 1076 1331 1120 Oeconomia
1375 1074 1607 1130 dispositio
1652 1074 1724 1116 uel
1765 1087 1927 1128 preme-

1126 1149 1284 1192 ditatio
1319 1150 1395 1189 aut
1427 1146 1676 1203 preparatio
1701 1142 1904 1202 (Galeni)

1068 1223 1165 1265 Offa
1197 1219 1456 1264 latrantium
1490 1221 1556 1260 est
1589 1218 1711 1260 cuius
1748 1217 1927 1259 diminu-

1127 1294 1268 1336 tiuum
1314 1291 1503 1334 offellam
1553 1290 1660 1332 facit
1710 1290 1815 1332 haec
1868 1288 1930 1330 sic

1128 1366 1199 1408 ani
1240 1365 1425 1408 iaciatur
1468 1362 1653 1404 satiatus
1692 1361 1793 1403 ilico
1833 1375 1929 1403 con-

1127 1438 1322 1494 pescitur
1355 1438 1399 1477 et
1432 1433 1596 1476 silescit
1631 1430 1750 1490 (om.)

1070 1511 1227 1555 Officio
1262 1506 1472 1565 migrauit
1505 1506 1558 1548 ab
1593 1505 1736 1548 officio
1771 1505 1930 1548 recessi

1131 1580 1248 1638 (om.)

1070 1653 1339 1698 Offuciarum
1366 1651 1589 1694 fallacium
1610 1654 1685 1692 aut
1704 1664 1851 1692 rerum
1878 1649 1930 1691 ad

1127 1725 1428 1781 decipiendum
1480 1722 1677 1778 spaciose
1727 1736 1931 1776 conpara-

1128 1802 1274 1840 torum
1294 1796 1461 1838 dictum
1489 1796 1541 1837 ab
1565 1794 1791 1837 offucando
1816 1793 1930 1848 quod

1131 1872 1198 1912 est
1229 1868 1383 1911 furtim
1416 1867 1629 1910 collocare
1659 1864 1775 1922 (om.)

1072 1943 1269 1986 Offuscas
1304 1940 1431 1983 offers
1460 1941 1535 1981 aut
1560 1939 1605 1980 in
1631 1937 1828 1979 fraudem
1855 1937 1930 1978 das
1952 1946 1986 1971 15

1132 2013 1246 2071 (om.)

1071 2087 1279 2130 Omentat
1324 2086 1523 2140 expectat
1569 2082 1733 2125 dictum
1777 2097 1802 2124 a
1847 2097 1933 2124 ma-

1130 2155 1307 2213 16111102)
1323 2157 1365 2198 id
1379 2159 1445 2200 est
1459 2171 1484 2198 a
1498 2156 1574 2198 diu
1588 2154 1801 2197 manendo
1814 2152 1931 2211 (om.)

1069 2231 1213 2287 Opera
1246 2233 1288 2272 et
1316 2244 1492 2284 operam
1521 2243 1652 2283 opera
1682 2228 1784 2268 sunt
1817 2228 1932 2267 artes

1131 2302 1405 2358 singulorum
1432 2304 1476 2343 et
1508 2300 1726 2342 artificum
1757 2312 1933 2353 operam

1132 2389 1237 2417 uero
1276 2372 1543 2416 adiutorium
1581 2386 1674 2414 esse
1713 2369 1934 2426 cognosci-

1134 2461 1231 2489 mus
1266 2443 1381 2502 (om.)

270 2579 304 2624 1)
331 2577 393 2613 dio
419 2589 463 2613 ew
492 2577 550 2612 dit
574 2588 666 2613 corr.
699 2578 711 2622 ΙΙ
742 2579 778 2622 2)
805 2577 852 2612 do
879 2577 964 2613 add.
991 2589 1036 2613 m.
1052 2581 1078 2614 2
1105 2578 1146 2613 in
1171 2587 1244 2612 ras.
1271 2577 1283 2620 11

174 2685 339 2731 spatium
361 2687 367 2729 1
389 2696 411 2719 6
437 2685 552 2720 uerbo
578 2697 623 2721 ex
649 2685 788 2720 aberuo
814 2696 906 2720 corr.
934 2687 946 2730 ΙΙ
981 2689 1011 2720 1.
1039 2683 1238 2730 prohibere
1267 2684 1278 2728 ΙΙ
1311 2687 1342 2718 5.
1371 2682 1536 2718 Occiduo
1559 2683 1564 2726 Ι
1587 2681 1671 2727 ipsa
1696 2691 1754 2714 res
1781 2692 1825 2715 eae
1852 2679 1934 2724 ipsa>

173 2758 264 2781 corr.
287 2747 292 2790 1
314 2756 374 2780 1116
400 2756 466 2781 om.
490 2746 495 2790 Ι
518 2744 604 2779 ilius
625 2746 637 2790 Η
657 2748 688 2780 6.
717 2744 880 2780 October
904 2756 949 2781 ex
977 2744 1141 2780 Octuber
1167 2755 1256 2779 corr.
1283 2744 1287 2787 Ι
1311 2744 1468 2777 octauus
1495 2753 1539 2776 ex
1564 2742 1785 2775 mooctauus
1812 2751 1902 2775 corr.

175 2810 207 2841 9.
233 2804 294 2839 hic
316 2804 478 2839 odorifer
498 2817 541 2840 eoe
560 2816 636 2840 non
655 2804 839 2840 dorifetur
858 2816 949 2841 corr.
974 2817 977 2848 Ι
1001 2803 1181 2839 feminino
1202 2803 1271 2837 hec
1294 2803 1299 2848 Ι
1323 2801 1511 2836 odorifera
1531 2800 1707 2834 neutrum
1726 2801 1737 2845 [Ι
1758 2803 1813 2834 10.
1835 2798 1934 2844 regis

176 2877 218 2900 m.
237 2868 268 2908 1,
294 2863 350 2899 rei
373 2876 419 2900 m.
435 2868 457 2900 6
487 2867 491 2909 Ι
521 2865 564 2899 ut
587 2876 633 2900 m.
649 2870 681 2910 1,
709 2866 775 2899 aut
799 2869 883 2900 m.6
912 2867 917 2911 Ι
940 2865 1069 2900 domos
1096 2876 1141 2899 m.
1158 2868 1188 2907 1,
1217 2862 1348 2896 domus
1368 2857 1420 2896 'm.
1437 2864 1459 2896 6
1483 2862 1486 2904 Ι
1516 2858 1736 2894 Oeconomia
1755 2861 1766 2903 ΙΙ
1797 2862 1852 2894 12.
1880 2857 1934 2892 di-

175 2923 392 2959 minitiuum
420 2925 425 2968 ξ
458 2923 577 2959 sicani
601 2936 646 2960 ex
672 2924 799 2960 sicane
824 2936 916 2961 corr.
945 2925 950 2971 Ι
977 2924 1065 2960 11100
1092 2935 1137 2959 ew
1162 2921 1264 2957 illico
1291 2932 1383 2958 corr.
1413 2922 1418 2965 Ι
1449 2919 1616 2965 hippocr.
1643 2920 1719 2954 cod.
1752 2920 1764 2964 ῃ
1796 2921 1852 2953 13.
1879 2929 1934 2953 re-

180 2983 277 3019 cessi
302 2995 347 3019 eae
376 2983 532 3018 recessit
562 2995 652 3020 corr.
691 2987 703 3030 ΙΙ
742 2987 796 3020 14.
823 2984 1015 3019 fallatium
1056 2986 1061 3029 Ι
1102 2982 1392 3028 conparatarum
1423 2991 1467 3014 ex
1493 2980 1783 3024 conparatorum
1807 2989 1897 3013 cor-r.
1928 2977 1932 3024 l

177 3044 343 3078 colorare
370 3055 414 3079 esc
441 3042 624 3078 collocare
650 3055 740 3080 corr.
785 3047 796 3089 ΙΙ
842 3048 895 3081 15.
923 3044 1083 3080 frauden
1109 3043 1178 3077 dus
1221 3043 1233 3086 Η
1279 3043 1332 3074 16.
1360 3038 1547 3074 111611611ᾶο
1581 3050 1625 3074 eoe
1657 3038 1721 3073 diu
1746 3038 1933 3073 manendo

177 3115 267 3139 corr.
297 3104 301 3148 Ι
335 3104 421 3139 haec
444 3104 492 3149 92.
518 3104 706 3140 invenitur
730 3105 827 3140 inter
850 3106 913 3151 yll.
939 3104 1127 3140 Noluntas
1153 3106 1187 3139 et
1211 3100 1392 3136 Nostrate
1412 3100 1423 3144 ΙΙ
1445 3103 1500 3134 17.
1528 3097 1730 3134 artificium
1756 3100 1768 3144 ΙΙ
