2216 3402
276 162 392 196 XXIV
1016 157 1288 193 PRAEFATIO

276 286 308 311 e.
338 285 375 325 q.
402 285 432 311 s.
471 285 511 325 p.
538 271 589 311 71
615 284 696 324 sq.,
739 269 1092 310 DEVERLINGIVS
1130 266 1281 308 Dium.
1315 280 1459 322 gymn.
1492 267 1586 308 bav.
1619 265 1722 308 XIV
1759 281 1799 320 p.
1825 265 1911 308 285
1932 263 2013 321 sq.)

277 342 627 383 membranaceus
661 340 820 382 saeculi
853 338 1007 380 decimi
1034 338 1100 379 vel
1127 337 1340 379 undecimi
1371 336 1488 378 foliis
1516 337 1571 379 85
1605 336 1697 393 (fol.
1722 336 1759 378 Ir
1792 335 2014 378 INCIPIT

214 452 217 453 ⁷
276 411 455 453 LIBER
490 408 831 465 GLOSARVM)
864 409 1033 451 lexicon
1060 408 1252 450 continet
1278 409 1331 449 ab
1358 408 1484 450 initio
1517 422 1654 463 usque
1682 408 1733 449 ad
1761 408 1794 449 P
1820 407 2014 450 litteram

277 482 452 539 (ultima
478 483 624 538 glossa
650 485 716 523 est
744 469 961 523 Pecalator
989 481 1117 522 dictu-s
1139 494 1220 534 pro
1245 494 1288 521 eo
1314 479 1420 533 quod
1444 481 1499 521 sit
1519 477 1728 539 pecuni‘e).
1773 477 1854 528 Qui
1882 478 2015 521 codex

277 557 326 595 ut
357 554 522 595 lacunis
557 553 748 594 abundat
781 553 844 594 ita
874 551 1052 606 insuper
1084 551 1128 592 in
1161 551 1333 593 brevius
1367 553 1613 592 contractas
1655 551 1814 592 multas
1847 550 2014 605 glossas

277 624 463 665 exhibet.
525 623 575 665 In
620 624 868 665 universum
915 623 1085 665 easdem
1135 622 1341 664 lectiones
1391 621 1524 663 habet
1569 636 1665 663 cum
1711 620 1854 663 codice
1898 620 2016 662 Am-

276 695 522 737 brosiano
550 697 593 736 et
620 694 876 736 Palatino.
929 693 1126 736 Contulit
1152 693 1311 734 librum
1335 692 1726 735 GVNDERMANNVS
1754 707 1866 734 anno
1891 693 2015 734 1891.

395 764 539 807 Codex
571 765 889 807 Turonensis
923 766 1009 807 850
1041 764 1394 805 membranaceus
1428 764 1586 805 saeculi
1619 764 1722 806 noni
1756 763 1828 818 (cf.
1855 762 1906 804 A.
1926 762 2017 806 DO-

276 848 430 878 RANGE
457 836 712 893 ‘Catalogue
739 837 811 878 des
838 851 939 878 mss.
959 836 1010 877 de
1036 835 1078 876 la
1097 834 1199 875 bibl.
1222 835 1272 875 de
1294 833 1447 875 Tours'
1476 849 1510 874 a.
1535 834 1656 889 1875,
1684 834 2014 876 MONTFAVCON

275 908 378 949 bibl.
409 906 452 948 Π
484 923 523 962 p.
548 908 679 961 1341,
725 906 771 948 O.
804 906 1034 949 MVELLER
1067 905 1199 961 praef.
1231 905 1352 946 Festi
1384 921 1423 959 p.
1449 904 1656 960 XXXIII)
1700 906 1861 947 librum
1904 906 2014 961 glos-

270 993 422 1025 sarum
460 981 632 1033 praeter
669 978 839 1019 litteras
880 977 934 1033 G,
974 978 1016 1019 H
1056 980 1099 1019 et
1137 979 1306 1031 partem
1344 964 1515 1018 litterae
1548 976 1568 1017 I
1610 976 1777 1023 (littera
1808 976 1830 1017 I
1861 976 2017 1031 incipit

275 1050 328 1091 ab
368 1050 602 1103 Inpnlc'tum
640 1047 911 1105 hermh'ctum)
951 1047 1163 1091 continet:
1203 1062 1254 1088 ex
1287 1061 1371 1101 quo
1404 1047 1517 1088 libro
1555 1045 1663 1088 mihi
1702 1047 1910 1101 quaedam
1947 1047 2017 1089 be·

275 1121 406 1176 nigne
441 1120 654 1174 excerpsit
687 1120 920 1162 DVBozlvs
955 1119 1244 1162 bibliothecae
1277 1118 1541 1160 Turonensis
1575 1120 1864 1160 conservator.
1909 1117 2017 1160 Con-

275 1195 419 1234 textus
463 1192 592 1233 huius
636 1192 735 1232 libri
783 1192 827 1233 in
871 1190 1120 1233 universum
1160 1189 1380 1244 conspirat
1420 1204 1517 1231 cum
1556 1187 1818 1245 Palatino,
1849 1190 1923 1231 sed
1967 1193 2017 1232 ut

276 1264 414 1305 multa
455 1263 633 1317 habeat,
672 1277 780 1317 quae
820 1263 951 1304 dubia
989 1262 1087 1304 sint.
1150 1262 1217 1303 Ex
1255 1259 1404 1315 paucis
1448 1260 1727 1316 lectionibus,
1769 1241 1874 1315 duas
1919 1261 2020 1316 vidi,

278 1334 465 1389 suspicio
504 1333 612 1374 mihi
650 1336 754 1374 nata
791 1336 875 1388 est,
912 1333 1026 1374 hunc
1059 1332 1220 1373 librum
1251 1345 1340 1372 non
1378 1332 1510 1373 semel
1543 1331 1799 1374 correctoris
1842 1347 2017 1374 manum

278 1408 503 1460 expertum
536 1419 640 1458 esse,
675 1405 747 1459 qui
780 1405 1042 1446 mutationes
1077 1418 1128 1444 ex
1160 1402 1364 1444 Isidoro
1396 1402 1602 1444 hauserit.

397 1475 540 1518 Codex
559 1475 959 1517 Vindocinensis
986 1475 1068 1516 113
1085 1476 1128 1515 et
1144 1471 1276 1515 1131>ss
1296 1473 1649 1516 membranaceus
1677 1474 1837 1516 saeculi
1857 1473 1918 1516 XI
1945 1472 2019 1531 (cf.

279 1549 460 1602 OMONT‚
488 1545 838 1588 Catali-Genera
865 1546 931 1587 III
963 1561 1002 1600 p.
1023 1543 1129 1600 429)
1163 1545 1330 1586 duobus
1357 1545 1649 1587 voluminibus
1682 1548 1826 1587 totum
1855 1545 2018 1587 'librum

279 1620 525 1675 glossarum
569 1618 754 1660 exhibet.
818 1617 953 1659 Primi
993 1616 1221 1658 voluminis
1263 1616 1420 1658 ultima
1461 1617 1608 1672 glossa
1648 1619 1734 1658 est:
1772 1617 2020 1680 Kquponem

279 1691 561 1733 taber-namma
592 1690 640 1731 de
670 1703 748 1742 quo
780 1702 914 1743 cycero
945 1689 1062 1730 cuius
1093 1691 1151 1730 est
1179 1701 1326 1729 nomen
1355 1701 1490 1743 ycopo,
1522 1687 1722 1729 alterius:
1754 1688 2020 1741 Zoyrafume-

279 1775 352 1804 9203
384 1763 455 1815 qui
478 1761 630 1815 pinyit.
680 1759 878 1801 Lacunae
911 1760 1096 1802 maiores
1131 1761 1232 1800 sunt
1263 1762 1364 1813 post
1396 1759 1525 1813 primi
1552 1758 1786 1800 voluminis
1818 1759 1892 1801 fol.
1915 1759 2021 1801 184³

282 1834 473 1888 (litterae
499 1831 564 1889 F),
598 1832 711 1873 inter
742 1831 920 1873 101227
950 1834 993 1872 et
1019 1831 1104 1872 228
1137 1828 1659 1887 (Karitas—Kateruae).
1700 1830 1828 1872 Hunc
1859 1830 2021 1871 librum

266 1898 590 1958 VSCALIGERVM'
629 1903 896 1945 Vindocinae
941 1902 1099 1943 vidisse
1143 1902 1232 1943 iam
1276 1900 1493 1944 LOEWIVS
1531 1900 1681 1943 Prodr.
1719 1916 1759 1956 p.
1779 1901 1864 1942 229
1910 1915 2021 1943 com-

282 1976 552 2017 memoravit.
615 1974 812 2017 Contulit
851 1973 1041 2015 codicem
1078 1973 1205 2015 Ienae
1239 1972 1646 2014 GVNDERMANNVS:
1688 1987 1739 2013 ex
1778 1986 1862 2026 qua
1893 1972 2021 2014 colla-

281 2046 401 2088 tione
433 2046 648 2101 intellexi,
681 2060 778 2087 eum
820 2044 1040 2086 artissimo
1073 2044 1244 2086 vinculo
1277 2058 1375 2086 cum
1406 2043 1694 2085 Turonensi
1725 2057 1883 2084 nexum
1915 2057 2022 2097 esse,

282 2120 343 2172 1113,
376 2117 491 2172 quod
523 2117 573 2158 de
606 2117 681 2158 illo
716 2115 985 2171 coniecerim,
1017 2115 1061 2157 in
1092 2115 1207 2157 hunc
1240 2129 1410 2170 quoque
1442 2114 1676 2169 pertineat,
1707 2114 1791 2155 nisi
1823 2114 1938 2168 quod
1969 2113 2020 2155 de

282 2189 363 2230 hoc
396 2189 521 2242 libro,
555 2203 651 2230 cum
689 2187 878 2242 plurima
909 2189 1110 2240 excerpta
1141 2186 1186 2227 in
1217 2188 1392 2241 praesto
1425 2185 1600 2239 fuerint,
1633 2185 1771 2226 multo
1805 2183 2021 2226 confiden-

283 2260 371 2300 tius
403 2259 622 2313 potuerim
653 2258 853 2300 iudicare.
958 2274 986 2297 ο

403 2329 548 2372 Codex
580 2321 926 2371 Vercelle'nsis
960 2329 1016 2371 62
1042 2328 1062 2369 Ι
1096 2327 1167 2384 (cf.
1194 2328 1536 2370 WILMANNSIVS
1569 2327 1678 2369 Mus
1699 2326 1834 2368 Rhen.
1861 2326 1942 2368 vol.
1965 2327 2023 2368 24

283 2417 321 2456 p.
356 2401 458 2455 367,
497 2400 849 2442 DEVERLINfflvs
895 2398 1045 2441 Diu'rn.
1085 2414 1230 2456 gymn.
1268 2400 1361 2441 bav.
1394 2398 1500 2441 XIV
1538 2414 1578 2453 p.
1606 2397 1711 2454 283)
1752 2398 2021 2440 membrana-

287 2486 385 2514 ceus
436 2471 596 2513 saeculi
642 2471 679 2512 X
730 2474 873 2512 totum
923 2471 1084 2512 librum
1135 2472 1379 2526 glossarum
1430 2469 1623 2511 continet
1679 2469 1764 2510 nisi
1815 2460 1928 2524 quod
1977 2467 2024 2510 in

285 2543 433 2584 littera
464 2542 499 2583 T
531 2557 664 2583 unum
695 2542 849 2583 folium
881 2542 1160 2584 desideratur.
1209 2541 1277 2583 Ex
1303 2556 1351 2583 eo
1380 2555 1488 2595 quae
1520 2539 1622 2582 novi
1654 2539 1814 2594 partim
1842 2538 2023 2580 DEVER-

286 2624 471 2655 LINGIVS
518 2612 772 2667 publicavit,
819 2613 980 2666 partim
1025 2611 1131 2653 mihi
1171 2612 1385 2667 excerpsit
1430 2610 1634 2654 CONTIVS
1667 2609 2022 2651 bibliothecarius

286 2684 655 2726 Vercellensis:
704 2698 811 2738 quae
860 2698 1122 2738 quamquam
1169 2697 1256 2724 non
1301 2682 1438 2724 multa
1489 2683 1607 2734 sunt,
1657 2683 1811 2721 tamen.
1852 2680 2024 2722 demon-

289 2759 426 2797 strare
464 2755 681 2809 videntur,
715 2755 904 2796 codicem
943 2755 995 2796 ad
1033 2753 1245 2795 familiam
1276 2752 1509 2794 Palatini
1546 2751 1647 2793 libri
1685 2750 1918 2806 pertinere,
1950 2751 2054 2792 sed·

289 2826 373 2867 alia
414 2826 621 2880 quaedam
660 2840 710 2867 ex
747 2825 914 2867 familia
950 2824 1179 2866 Parisini
1219 2824 1376 2867 codicis
1410 2823 1575 2865 adiecta
1607 2826 1651 2864 et
1683 2824 1887 2879 *correcta
1918 2835 2022 2863 esse.

289 2897 403 2938 Illud
448 2900 636 2952 constat,
674 2896 774 2938 crisi
819 2897 1061 2952 glossarum
1099 2896 1211 2937 hunc
1250 2895 1409 2936 librum
1448 2893 1776 2935 fundamentum
1819 2891 2023 2947 praebere

290 2968 638 3010 incertissimum.

409 3040 434 3090 ξ
470 3040 535 3080 13.
599 3038 849 3093 Reliquos
888 3038 1052 3078 libros
1085 3039 1129 3078 et
1166 3036 1460 3092 fragmenta
1497 3035 1707 3077 librorum
1747 3033 1853 3076 satis
1884 3033 2024 3075 habeo

293 3124 421 3165 quam
453 3108 733 3164 paucissimis.
758 3108 900 3150 verbis
933 3107 1198 3149 tractavisse.
