2175 3428
255 141 341 182 214

315 251 388 293 sed
427 250 580 292 melius
619 247 828 304 accipitur
867 250 959 290 etas
995 247 1108 290 sicut

251 361 254 364 ,
315 325 420 377 aput
457 319 681 377 uirgilium
720 323 822 362 tunc
855 318 961 360 mihi
998 333 1109 375 gena

315 393 471 435 istillat
502 393 606 435 flore
638 390 841 433 iuuentus

257 463 544 508 lubentabilis
578 462 793 505 beneficus

255 537 513 592 Iugamenta
545 535 767 577 iuncturas
801 536 974 576 artuum

255 607 374 663 Iugit
406 606 565 649 miluus
599 620 696 648 cum
729 605 889 648 clamat

255 679 414 722 Iulium
453 675 687 734 mensem1)
726 691 751 719 a
794 676 900 718 iulio
941 691 1109 719 cessare

314 752 518 794 uocatum
551 748 719 792 romani
752 748 953 791 dixerunt

221 838 236 861 5
256 822 461 878 Iurgialis
495 820 793 864 contentiosus
824 817 913 876 in2)
943 819 1020 862 lite

257 893 484 936 Iusticium
527 893 696 936 lucrum
746 891 967 948 publicum
1019 891 1110 934 siue

314 965 479 1021 publici
510 964 618 1006 iuris
650 963 873 1006 silentium

258 1036 370 1078 Iusti
402 1037 494 1079 dies
528 1038 629 1078 sunt
662 1035 856 1078 continui
888 1033 1010 1076 XXX

257 1108 421 1151 Ixionis
452 1107 654 1164 uirgilius
687 1109 914 1161 tortosque
952 1105 1110 1147 ixionis

317 1193 478 1236 angues
513 1177 590 1235 (Bc)

257 1394 529 1437 Kacloristas
561 1393 871 1449 inseparabilia

203 1481 238 1506 ιο
258 1466 449 1508 Kalones
476 1465 606 1521 gallie
639 1465 828 1507 militum
861 1461 1019 1520 (Va-9.)

256 1537 447 1580 Kalones
479 1537 777 1593 negotiatores
809 1533 968 1594 (Vir-9.)

257 1608 485 1651 Kaltulum
523 1608 568 1650 in
601 1622 685 1663 quo
725 1608 887 1651 mortui
920 1606 1113 1649 deferun-

318 1683 389 1723 tur
433 1679 502 1722 uel
541 1679 750 1722 uestitum
788 1679 999 1722 detritum
1038 1693 1113 1721 seu

318 1752 501 1795 linteum
534 1750 692 1808 (Vim.)

260 1823 426 1866 Kaluus
458 1825 634 1879 κρμνύμ
666 1826 848 1866 uocatur
876 1823 980 1866 licet
1005 1822 1113 1876 celio

320 1898 363 1937 et
395 1909 524 1937 uarro
556 1894 800 1938 kaluariam
833 1895 979 1938 dicant
1012 1909 1114 1936 nam

319 1966 506 2009 caluarie
532 1966 700 2021 plurale
721 1969 788 2010 est
814 1965 1012 2008 kaluaria
1032 1965 1110 2007 sin·

319 2037 468 2093 gulare

259 2108 495 2150 Kalumnia
527 2108 762 2164 conpilatio
795 2108 1113 2164 kalamitasque

320 2180 415 2222 ideo
460 2179 682 2222 kalumnia
727 2180 945 2235 appellata
984 2183 1052 2222 est
1090 2195 1115 2222 a

320 2250 534 2294 kaluendo
567 2252 609 2294 id
643 2254 709 2294 est
741 2267 766 2294 a
798 2252 1027 2293 tribuendo

209 2339 240 2364 15
263 2322 580 2377 Kapadinarius
614 2323 901 2365 uolumtarius

262 2393 508 2448 Kapedines
543 2395 657 2449 quod
690 2409 819 2436 manu
853 2394 1079 2449 capiantur

262 2463 440 2518 Kapedo
474 2465 687 2520 cupiditas
720 2466 847 2508 ardor
879 2466 1065 2509 auiditas

263 2536 559 2591 Kapisterium
610 2541 648 2586 Bc
700 2537 813 2592 quod
865 2537 987 2594 agnis
1039 2540 1115 2580 aut

322 2606 549 2650 fui-onibus
583 2608 627 2650 in
661 2611 791 2663 caput
822 2608 1047 2664 inponitur

711 137 966 174 EXCERPTA
991 137 1056 172 EX
1081 137 1224 174 LIBRO
1251 137 1540 174 GLOSSARVM

1147 247 1364 303 Kaplosus
1397 247 1527 289 elisus

1147 319 1409 370 Karinantes
1424 318 1667 360 inludentes
1681 319 1750 360 uel
1762 318 1998 362 inridentes
2019 332 2052 357 20

1146 391 1405 433 Karistabat
1424 390 1671 433 kassidatus
1698 392 1774 434 aut
1799 390 1998 447 galeatus

1205 462 1404 519 fulgebat

1145 535 1321 577 Karitat
1353 537 1535 590 propeat
1567 533 1763 590 loquitur
1793 534 1965 590 plebem

1146 605 1308 648 Kasleu
1339 605 1384 647 in
1421 605 1644 648 zaccharia
1681 605 1897 661 propheta
1927 619 2000 647 no-

1206 678 1384 720 uembei·
1416 677 1577 720 mensis
1611 677 1686 732 qui
1717 679 1761 719 et
1792 691 1939 719 nonus

1148 749 1313 792 Kasula
1343 749 1511 792 kasella
1542 749 1712 792 modica

1149 821 1334 864 Kasulas
1391 820 1577 863 kasellas
1635 821 1726 863 siue
1776 822 2001 876 pastorum
2021 834 2055 860 25

1209 892 1369 935 cubilia

1149 964 1329 1007 Kateias
1393 964 1550 1020 gallica
1611 964 1762 1020 lingua
1818 962 2002 1005 dicimus

1208 1036 1371 1079 lancias
1411 1035 1522 1078 unde
1555 1033 1640 1091 et3)
1679 1033 1881 1091 Uirgilius
1913 1036 2003 1075 teu-

1208 1108 1396 1151 tonicori
1410 1106 1582 1150 tusoliti
1599 1109 1801 1162 torquere
1819 1107 2003 1161 kategas

1208 1183 1252 1223 et
1284 1179 1450 1223 oratius
1483 1193 1532 1220 ac
1564 1178 1708 1221 inaces
1746 1177 1894 1233 posuit
1923 1191 2003 1232 pro

1208 1251 1370 1295 cladios
1403 1250 1644 1293 mediorum
1677 1248 1819 1305 (Isid.)

1148 1324 1342 1366 Katerua
1385 1322 1602 1380 gallorum
1646 1321 1797 1377 lingua
1846 1319 2005 1362 dicitur

1209 1394 1323 1450 quod
1334 1396 1440 1450 aput
1449 1408 1529 1437 nos
1539 1393 1654 1450 legio
1667 1395 1850 1435 uocatur
1861 1388 2004 1449 (Isid.)

1151 1466 1407 1521 Kauponem
1422 1465 1719 1508 tauernarium
1733 1464 1784 1507 de
1801 1478 1851 1506 co
1866 1462 2005 1506 cicero

1211 1537 1332 1580 cuins
1366 1540 1432 1579 est
1463 1551 1622 1579 nomen
1653 1551 1793 1592 ypoco
1827 1531 1970 1592 (Isid.)

1151 1751 1396 1795 Lauacrum
1427 1752 1682 1794 balnearum
1715 1765 1850 1808 genus

1151 1823 1409 1867 Labescitur
1440 1826 1642 1865 mouetur
1674 1820 1798 1880 (00¹0.)

1152 1895 1408 1938 Labescitur
1441 1894 1701 1938 conuellitur
1733 1892 1856 1950 (Cic.)

1152 1967 1357 2010 Labescit
1390 1969 1687 2010 commonetur
1719 1963 1842 2023 (Cic.)

1151 2038 1356 2081 Labescit
1388 2036 1595 2081 conuellit
1626 2039 1827 2080 mouetur
1859 2033 1982 2092 (Cic.)

1151 2110 1292 2152 Labet
1347 2109 1602 2152 succumbet
1655 2109 1836 2152 lucanus
1891 2110 2008 2150 terra

1211 2181 1330 2223 labet
1363 2179 1485 2237 (Cic.)

1152 2252 1320 2295 Labina
1350 2253 1522 2308 lapsum
1554 2252 1743 2295 inferens
2026 2265 2060 2292 35

1152 2324 1319 2367 Labina
1352 2339 1460 2380 aque
1493 2324 1692 2379 peruium
1724 2324 1966 2367 alluuiones

1153 2395 1296 2437 Labos
1329 2395 1452 2438 labor
1485 2395 1599 2437 sicut
1629 2394 1767 2438 honos
1799 2396 1940 2438 honor
1997 2450 2001 2455 .

1152 2467 1374 2509 Labrusca
1405 2482 1491 2509 uua
1522 2466 1723 2509 siluatica
1755 2466 1897 2524 (Isid.)

1151 2538 1374 2581 Labrusca
1394 2538 1498 2580 uitis
1521 2538 1736 2580 siluestris
1757 2537 1873 2581 dicta
1893 2539 2006 2593 quod

1212 2610 1256 2652 in
1287 2610 1422 2652 labris
1462 2609 1560 2652 rubi
1590 2611 1830 2652 nascuntur
1860 2607 2007 2666 (Isia.)

2024 1839 2061 1864 30

360 2750 392 2793 1)
419 2760 476 2783 em
505 2750 543 2784 ιή
568 2761 639 2786 ras.
666 2761 710 2786 m.
726 2754 751 2786 2
770 2751 783 2795 u
803 2750 838 2795 2)
864 2749 903 2785 in
926 2761 954 2786 s.
980 2760 1047 2788 scr.
1075 2752 1156 2787 m.2
1174 2751 1186 2795 ΙΙ
1206 2753 1242 2795 3)
1267 2751 1334 2787 dcl.
1361 2762 1404 2786 m.
1422 2754 1440 2785 1
1468 2754 1501 2787 et
1526 2751 1643 2795 m.211

264 2879 437 2914 iuuentas
463 2891 507 2916 ea:
532 2879 706 2915 iubentus
732 2891 823 2915 corr.
861 2881 873 2924 ΙΙ
913 2883 942 2915 1.
975 2879 1222 2915 quentabilis
1249 2894 1292 2916 ac
1324 2879 1572 2915 Iubentabilis
1607 2891 1699 2917 corr.
1736 2882 1749 2925 ΙΙ
1786 2882 1818 2916 4.
1845 2890 1971 2915 cesare
1997 2880 2009 2925 Η

266 2942 295 2973 6.
325 2938 513 2974 Iustitium
532 2941 544 2984 11
563 2943 594 2974 8.
622 2938 761 2974 Ixionis
787 2951 831 2975 cx
856 2938 1001 2975 Ixiones
1026 2951 1116 2976 corr.
1138 2940 1149 2984 ΙΙ
1172 2943 1227 2974 13.
1257 2942 1408 2984 ΚραΝγω
1428 2940 1440 2984 ΙΙ
1461 2943 1515 2974 14.
1542 2939 1581 2974 id
1608 2940 1680 2986 est]
1707 2939 1807 2974 idem
1825 2940 1837 2984 ΙΙ
1866 2942 1921 2976 23.
1948 2950 2007 2974 za-

267 2996 394 3032 charia
419 3000 430 3043 {l
455 3002 510 3034 26.
539 2998 688 3033 lanceas
715 3010 760 3034 ex
785 2997 928 3034 lancias
954 3010 1044 3035 corr.
1069 2999 1074 3045 Ι
1097 2999 1136 3034 et
1158 3011 1225 3034 om.
1248 3002 1253 3044 1
1274 2998 1422 3034 kateias
1448 3000 1460 3044 ΙΙ
1485 3003 1541 3034 27.
1568 2999 1668 3044 apud
1693 3010 1738 3036 eae
1764 2999 1856 3044 aput
1879 3010 1970 3035 corr.
1997 2998 2009 3043 ΙΙ

267 3060 321 3090 28.
350 3068 422 3100 quo
445 3060 449 3100 Ι
472 3054 590 3103 ycopo'
610 3059 621 3102 ΙΙ
641 3061 696 3093 29.
723 3058 930 3093 Lauacrum
957 3070 1001 3094 ea:
1019 3058 1227 3093 Lab-acrum
1253 3070 1342 3095 corr.
1363 3059 1375 3103 ΙΙ
1395 3062 1450 3094 36.
1479 3057 1698 3094 adluuiones
1718 3060 1730 3104 ΙΙ
1749 3061 1804 3094 38.
1832 3056 2008 3093 siluatica

267 3127 310 3151 ea:
337 3115 513 3151 silbatica
542 3130 630 3153 corr.
653 3119 664 3162 ΙΙ
690 3122 744 3152 39.
772 3117 855 3152 rubi
881 3119 920 3153 in
949 3129 1018 3154 ras.
1047 3130 1089 3153 m.
1106 3121 1123 3153 1
1150 3119 1162 3162 Η
