2216 3402
102 1931 134 1956 10

684 147 920 184 PLAOIDVS
947 148 1075 183 LIBRI
1103 123 1395 184 GLOSSARVM

157 259 361 302 Morbum
405 259 574 315 regium
619 274 755 316 genus
802 258 1017 314 quoddam

218 332 361 374 morbi
400 331 461 374 sic
500 331 737 387 noncupati
777 331 852 385 qui
893 332 1017 372 tanto

216 404 410 460 potiores
445 404 616 460 quando
656 402 845 445 deterior
884 401 1018 444 omni-

216 478 298 519 bus
325 476 459 518 ceteri
485 476 591 518 item
618 475 789 531 regium
817 474 1017 516 morbum

217 549 393 604 quidam
419 548 516 590 inde
546 563 597 589 ex
617 547 825 589 estimant
851 545 1016 588 (lictum

217 623 331 676 quod
381 620 483 662 uino
534 619 649 661 bono
701 621 745 660 et
794 618 1016 675 regalibus

217 693 325 735 cibis
357 691 530 734 facilius
565 693 740 733 curetur
775 689 931 747 (Viry.)

155 764 375 807 Mordicus
415 767 566 806 tenens
607 778 755 805 morsu
795 763 919 818 quasi
957 765 1016 805 te-

214 851 320 878 nens

156 908 293 950 Moris
340 908 499 964 quippe
550 908 684 949 habet
729 922 894 950 morem
945 909 1013 949 uel

217 981 575 1036 consuetudinem
606 979 677 1021 uel
707 994 835 1022 usum
867 979 999 1021 habet

155 1053 442 1096 Motacismus
475 1068 519 1095 m
551 1052 696 1094 littere
729 1051 970 1108 geminatio

155 1125 301 1182 Mugis
357 1140 429 1168 sor
481 1124 663 1167 callidus
720 1127 1016 1166 murmurator

214 1197 282 1255 (de
305 1196 378 1254 ql.)

156 1270 422 1314 Mulcantem
449 1284 650 1312 erumnas
678 1268 835 1311 misere
868 1269 1016 1312 uiuen-

214 1346 304 1386 tem
336 1357 516 1385 erumna
548 1341 724 1385 miseria
756 1344 823 1384 est

153 1414 374 1458 Mulcator
419 1415 491 1471 qui
537 1428 721 1470 corpora
766 1413 902 1457 afficit
945 1414 1014 1456 uel

214 1487 381 1530 cruciat

155 1560 372 1603 Mulcator
410 1560 569 1603 delitor
613 1559 865 1615 conpositor
909 1559 1015 1602 mul-

215 1648 309 1676 cere
342 1632 458 1675 enim
491 1632 670 1675 delinire
708 1634 775 1674 est
808 1647 833 1674 a
871 1633 1014 1675 mulso

214 1705 379 1748 dictum

155 1777 341 1820 Mulleos
381 1776 656 1820 calciamenti
696 1791 831 1833 genus
871 1792 896 1819 a
928 1792 1013 1832 quo

213 1850 305 1892 lore
338 1849 574 1892 mullorum

155 1922 288 1965 Mista
320 1937 447 1979 grece
480 1923 523 1964 id
550 1926 617 1966 est
650 1922 836 1965 misterii
863 1925 1015 1964 auctor

215 1994 432 2037 simmista
475 1995 549 2050 qui
594 1995 674 2037 sub
714 2010 763 2037 eo
810 1997 876 2036 est
922 1994 1013 2036 siue

213 2067 287 2122 qui
321 2067 520 2110 conscius
553 2066 739 2110 misterii
773 2063 916 2123 (Isid.)

154 2140 285 2182 Mitra
321 2139 503 2195 pilleum
541 2139 730 2195 frigeum
762 2139 833 2181 uel
865 2153 1013 2194 prosa-

193 2248 194 2251 ,
213 2215 308 2254 tum
329 2214 405 2254 aut
426 2214 605 2254 ornatus
628 2211 784 2267 capitis
812 2211 862 2253 (le
888 2213 1011 2252 ueste

212 2281 403 2341 (Euceri)

154 2356 452 2399 Muniacotum
485 2357 575 2399 acie
608 2372 694 2399 uox
726 2355 794 2413 (de
817 2354 908 2411 ql.)

155 2429 380 2472 Municebs
414 2429 643 2471 curialium
670 2428 856 2471 maiores
884 2442 935 2469 ex
962 2442 1011 2469 eo

252 2596 286 2640 1)
320 2596 361 2630 in
386 2606 459 2631 ras.
486 2606 531 2630 m.
553 2598 571 2628 1
606 2595 618 2639 ΙΙ

1858 148 1913 189 85

1117 259 1232 314 quod
1265 272 1445 300 munera
1478 255 1623 314 risci¹)
1663 257 1777 299 idem
1810 257 1916 300 acci—

1115 330 1243 386 piunt

1056 401 1282 457 Municeps
1310 402 1453 445 dictus
1478 402 1532 445 ab
1554 417 1604 445 eo
1627 402 1742 458 quod
1769 401 1918 445 munia

1117 474 1263 530 capiat

1056 545 1281 601 Municeps
1315 545 1551 589 curiarium
1589 546 1775 589 maiores
1809 546 1916 589 dicti
1938 557 1970 583 15

1116 634 1165 660 eo
1200 619 1314 674 quod
1345 618 1417 660 fici
1450 633 1629 660 munera
1662 618 1883 674 accipiunt

1055 690 1252 733 Munifex
1285 690 1359 745 qui
1392 704 1572 732 munera
1603 691 1688 732 fert
1720 690 1786 747 (de
1812 689 1888 748 ql.)

1056 763 1262 804 Munifica
1294 762 1365 804 uel
1397 761 1627 804 munificus
1654 763 1813 805 dicitur
1841 764 1915 819 qui

1115 834 1245 877 alicui
1278 834 1419 876 multa
1444 834 1534 876 mul
1561 837 1607 876 ta
1633 850 1814 877 munera
1841 835 1915 877 dat

1114 907 1183 948 uel
1212 906 1286 961 qui
1319 921 1476 948 munus
1503 920 1628 947 suum
1660 906 1703 948 id
1731 909 1797 949 est
1825 907 1915 949 offi-

1115 979 1231 1021 cium
1252 978 1367 1034 quod
1388 978 1517 1020 debet
1538 978 1693 1033 implet
1714 981 1789 1020 aut
1808 981 1917 1033 puta

1114 1050 1320 1093 munifica
1353 1050 1492 1092 sicilia
1523 1049 1706 1105 imperio
1735 1064 1914 1092 romano

1113 1124 1157 1165 id
1190 1125 1258 1165 est
1291 1137 1371 1179 que
1405 1122 1443 1164 ei
1477 1122 1718 1178 inpositum
1758 1137 1913 1165 munus

1113 1197 1310 1252 praestat
1343 1194 1603 1250 obsequium

1054 1267 1308 1311 Munificare
1341 1267 1594 1310 muneribus
1626 1266 1841 1309 honorare

1053 1341 1206 1383 Murex
1238 1339 1397 1383 dicitur
1429 1339 1576 1382 coclea
1614 1338 1748 1381 maris
1787 1342 1915 1381 acuta

1114 1427 1194 1468 que
1228 1412 1313 1455 alio
1351 1411 1526 1455 nomine
1561 1410 1745 1454 concilio
1777 1411 1915 1454 nomi-

1112 1488 1243 1528 natur
1287 1500 1338 1527 ex
1383 1499 1468 1539 qua
1517 1498 1711 1539 purpura
1752 1483 1913 1526 nobilis

1113 1558 1306 1601 inficitur
1363 1556 1567 1598 dicuntur
1623 1558 1666 1598 et
1729 1556 1914 1599 murices

1112 1633 1235 1686 petre
1273 1629 1320 1671 in
1350 1628 1480 1671 litore
1520 1628 1684 1671 similes
1726 1628 1913 1671 murices

1113 1703 1226 1744 uiuis
1254 1700 1505 1744 acutissime
1533 1703 1577 1742 et
1602 1700 1789 1743 nauibus
1819 1715 1912 1756 per-

1110 1774 1274 1817 niciose

1053 1846 1281 1903 Murgison
1313 1846 1471 1888 inrisos
1504 1845 1625 1886 lusor

1053 1919 1248 1975 Murgiso
1283 1917 1465 1960 callidus
1498 1920 1793 1958 murmurator

1054 1991 1295 2033 Murrinam
1326 2004 1461 2032 unum
1494 2003 1642 2031 murra
1675 1989 1899 2031 conditum

1053 2063 1227 2105 Mussus
1261 2063 1414 2118 regula
1439 2061 1511 2104 uel
1537 2075 1740 2103 mensura
1768 2060 1911 2103 fusilis

1051 2135 1319 2178 Musitanter
1346 2133 1505 2176 leniter

1051 2208 1314 2250 Musitantes
1348 2208 1670 2248 murmurantes
1933 2217 1966 2242 25

1050 2280 1256 2323 Mutilare
1296 2281 1362 2321 est
1402 2277 1567 2333 aliquid
1600 2277 1716 2333 quod
1755 2277 1814 2319 sit
1852 2277 1912 2319 in-

1111 2357 1284 2409 tegrum
1330 2351 1587 2393 detruncare
1636 2352 1686 2390 ut
1732 2349 1768 2391 si
1814 2349 1910 2404 quis

1110 2425 1338 2468 hominum
1355 2423 1546 2466 animam
1564 2423 1763 2477 amputet
1783 2420 1912 2463 muti-

1933 1857 1967 1881 20

249 2743 280 2775 1.
306 2739 514 2785 nuncupati
541 2739 546 2782 Ι
575 2737 688 2774 ceteri
716 2736 888 2772 omnibus
918 2738 923 2781 Ι
955 2735 1174 2771 existimant
1204 2737 1216 2781 ΙΙ
1248 2738 1279 2769 ὃ.
1307 2733 1557 2768 marmorator
1588 2734 1600 2778 ΙΙ
1633 2736 1663 2767 7.
1691 2731 1875 2767 Multator
1900 2732 1912 2778 ΙΙ

155 2806 185 2837 8.
215 2799 351 2835 delitor
385 2811 430 2835 em
464 2798 623 2834 delictor
656 2810 749 2834 corr.
779 2800 783 2842 Ι
816 2796 1077 2841 de{lin{re
1109 2797 1121 2841 ΙΙ
1153 2800 1185 2831 9.
1221 2793 1382 2829 Mulleos
1418 2805 1462 2828 esc
1496 2791 1654 2827 Malleos
1690 2803 1780 2828 corr.
1811 2797 1815 2834 1
1851 2803 1910 2826 00-

153 2861 231 2896 lore
269 2871 313 2895 ex
350 2858 503 2904 quolore
542 2869 631 2894 corr.
670 2859 682 2903 ΙΙ
721 2862 775 2893 10.
815 2856 879 2902 qui
917 2869 961 2892 ex
999 2855 1082 2901 quis
1120 2867 1211 2891 corr.
1247 2855 1252 2899 Ι
1294 2853 1341 2888 ab
1379 2864 1421 2888 eo
1453 2855 1465 2897 ΙΙ
1504 2856 1558 2887 11.
1596 2862 1756 2900 ‘psarum
1794 2852 1874 2898 (sic)
1903 2851 1908 2898 Ι

153 2919 296 2966 kapitis
327 2921 339 2965 ΙΙ
371 2922 426 2954 12.
452 2917 711 2953 Muniacotum
737 2930 781 2954 ex
806 2917 1063 2952 Moniacotum
1090 2927 1180 2951 corr.
1204 2916 1209 2960 Ι
1232 2912 1328 2948 aciei
1356 2915 1367 2957 ΙΙ
1401 2916 1454 2947 13.
1481 2910 1692 2956 Municipes
1718 2922 1763 2947 ex
1787 2910 1909 2946 Muni-

155 2992 241 3027 ceps
267 2991 359 3016 corr.
389 2980 394 3025 Ι
420 2977 502 3013 fisci
527 2989 571 3014 ex
595 2977 692 3023 pisci
717 2990 808 3014 corr.
838 2980 843 3023 Ι
871 2976 1062 3023 accipiant
1092 2978 1103 3023 ΙΙ
1135 2978 1190 3009 15.
1218 2972 1427 3017 Municipes
1460 2974 1464 3014 Ι
1493 2971 1587 3005 dicti
1613 2983 1663 3015 qu
1737 2982 1779 3006 eo
1802 2970 1808 3018 Ι
1829 2970 1911 3006 fisci

155 3053 199 3076 ex
223 3038 286 3075 fici
311 3051 401 3076 0011·
434 3040 445 3084 ΙΙ
482 3042 533 3074 17
560 3037 682 3073 multa
707 3039 810 3074 alter.
837 3038 903 3073 del.
931 3040 1035 3083 siquo
1061 3037 1145 3071 dist.
1175 3039 1179 3076 Ι
1208 3032 1352 3079 inperio
1384 3033 1396 3077 ΙΙ
1428 3035 1482 3068 19.
1516 3029 1676 3066 concilio
1702 3042 1747 3066 m.
1765 3034 1796 3076 1,
1824 3041 1908 3066 con

156 3099 311 3135 chilium
333 3111 381 3134 111.
398 3102 419 3134 5
442 3100 446 3143 Ι
469 3097 619 3132 muricis
646 3097 744 3133 uiuis
764 3101 776 3143 ΙΙ
802 3101 858 3133 20.
884 3096 1021 3132 inrisor
1039 3097 1050 3140 ΙΙ
1076 3099 1131 3130 21
1159 3093 1412 3128 murmurator
1437 3103 1482 3128 ex
1506 3092 1756 3126 murmorator
1781 3092 1909 3127 00113.

156 3163 212 3196 22.
232 3159 364 3194 uinum
383 3170 427 3194 ex
447 3170 562 3193 unum
582 3170 672 3194 corr.
694 3158 705 3203 ΙΙ
725 3161 780 3193 23
801 3156 949 3192 fabrilis
969 3159 981 3203 ΙΙ
1001 3156 1121 3192 26.11t
1147 3153 1179 3188 si
1199 3152 1281 3198 quis
1302 3164 1369 3189 om.
1385 3151 1390 3200 Ι
1408 3163 1522 3188 anum
1540 3163 1585 3188 ex
1606 3151 1772 3187 animum
1792 3135 1906 3198 0011·.Ι
