2221 3490
231 157 317 198 610

231 265 571 308 Securicularius
607 265 680 319 qui
715 278 885 305 secures
918 262 1004 304 fert

231 335 468 379 Semestria
518 336 628 377 liber
671 335 717 376 in
763 349 848 390 quo
895 334 1087 376 actiones

289 424 362 450 sex
395 408 610 450 mensium
643 407 923 449 continentur

231 480 466 522 Sennumia
498 478 681 521 tristitia

231 551 382 594 Sentes
406 550 622 593 sententia
636 551 762 591 firma
781 552 823 592 et
842 549 1091 591 indubitata

287 623 526 679 responsio.
564 622 827 677 ἐπιφώνημα

191 711 207 735 5
230 695 457 738 Sententia
488 694 713 749 ἀπόφασις

228 767 374 822 Sispes
408 782 558 822 sospes
593 780 724 808 sanus

228 838 430 881 Sonticus
464 853 598 880 uerax

228 911 456 953 Sternaces
489 910 637 965 pauidi

229 982 370 1039 Stigia
402 982 550 1024 tunica

174 1070 206 1094 10
229 1054 402 1111 Stigina
435 1057 690 1096 ornamenta
723 1054 844 1109 regia

229 1126 418 1181 Stigium
452 1141 588 1181 genus
621 1126 874 1168 uestimenti

228 1198 393 1253 Strigio
428 1197 653 1239 mimarius
688 1197 883 1239 scenicus

228 1269 465 1312 Subcensia
497 1270 692 1311 fomenta

228 1341 549 1397 Suffraginatus
594 1341 747 1383 fractis
791 1341 967 1383 auribus
1013 1341 1081 1382 ue]

287 1414 554 1456 substitutus
579 1414 624 1455 in
650 1414 794 1456 locum
823 1413 1084 1455 succidentis

173 1500 205 1525 15
228 1485 362 1528 Surus
396 1486 594 1528 surculus

228 1557 437 1600 Surcetur
468 1558 672 1599 irascitur

228 1629 398 1672 Samica
430 1630 576 1685 puluis

228 1702 446 1744 Sentitare
478 1702 524 1742 in
556 1701 701 1742 animo
735 1701 896 1742 sensim
930 1700 1085 1741 diiudi-

285 1789 382 1817 care

228 1845 475 1888 Sortinidus
511 1846 585 1901 qui
616 1845 736 1886 iudet
768 1860 845 1899 per
878 1847 1042 1886 sortem

175 1931 207 1955 20
229 1917 381 1960 Susses
404 1918 478 1973 qui
504 1918 664 1959 habilis
687 1918 738 1958 ad
761 1917 1081 1959 subsistendam

229 1989 468 2032 Sambucus
504 1989 689 2031 saltator

228 2061 546 2104 Sambucistria
573 2076 681 2116 quae
709 2061 939 2102 citharista
965 2061 1083 2102 canit

228 2133 551 2176 Sambuciarius
584 2133 676 2188 ipse
710 2133 783 2187 qui
816 2132 921 2173 dicit

229 2206 446 2248 Safarium
479 2205 640 2247 atrium
672 2204 826 2259 templi

175 2290 207 2314 2⁵
228 2276 459 2332 Sappappa
491 2276 616 2332 quasi
649 2276 819 2318 sarculo

228 2349 368 2391 Scana
401 2349 606 2390 arborum
639 2347 831 2390 densitas

228 2420 455 2476 Spargana
486 2420 709 2461 initiarum
742 2418 928 2460 infantia

193 2541 197 2544 ⁴
229 2492 374 2534 Stator
407 2492 491 2533 duo
526 2492 751 2547 didragma

229 2563 459 2606 Stranaces
493 2563 634 2617 cupidi

173 2648 207 2673 30
229 2635 479 2691 Sceptoriae
515 2635 725 2676 cisternae

229 2707 468 2763 Singultim
485 2705 558 2761 qui
580 2706 773 2760 loquitur
786 2720 863 2760 per
885 2706 1083 2761 gluttuos

229 2778 380 2821 Sinum
421 2794 498 2820 uas
540 2778 585 2819 in
625 2793 709 2832 quo
752 2777 947 2818 butirum
987 2792 1082 2819 oon-

285 2851 430 2892 ficitur

229 2920 428 2963 Scribula
460 2921 646 2976 epistola

225 2988 384 3034 ‘scillae
420 3008 523 3034 saxa
555 2993 740 3033 latentia
772 2992 816 3033 in
849 2992 958 3033 mari
1011 3019 1014 3021 -

173 3075 207 3099 35
229 3063 449 3104 &cinthiae
481 3078 617 3105 neuus
652 3063 822 3105 macula

229 3133 346 3176 Stica
379 3135 525 3176 tunica

863 154 1078 189 GLOSSAE
1107 153 1357 189 SCALIGERI

1128 263 1297 305 Sconna
1334 277 1519 317 sponsus

1128 333 1404 377 Scordiscum
1438 333 1605 376 corium
1637 334 1818 376 crudum

1128 406 1360 449 Scordalus
1394 406 1515 447 ferox

1127 476 1344 532 Spoliaria
1365 477 1602 520 exteriores
1627 477 1881 518 balnearum
1903 477 1984 519 cel·
2004 487 2040 512 4⁰

1187 550 1301 590 lulae

1130 619 1281 662 Sultor
1314 621 1455 663 cultor

1130 692 1400 748 Simpulator
1433 692 1619 734 conuiua

1130 763 1265 820 Sarge
1297 764 1489 806 idoneus.
1523 763 1746 819 quaeliber
1773 779 1843 805 ars
1875 763 1984 805 alias

1186 851 1315 892 sarga
1370 852 1458 878 non
1513 836 1693 878 idoneus
1751 835 1986 878 cuiuslibet

1186 909 1293 950 artis
1327 908 1549 963 professor

1127 979 1277 1022 Scorio
1312 980 1473 1021 stultus
1507 980 1654 1021 fatuus

1126 1050 1261 1107 Separ
1293 1067 1489 1094 seorsum
1523 1067 1547 1092 a
1578 1054 1701 1106 parte

1125 1123 1351 1179 Stringina
1383 1123 1603 1165 restrictio
1637 1123 1787 1164 urinae

2005 1060 2040 1086 45

1126 1194 1433 1250 Sumptuarius
1465 1195 1539 1250 qui
1574 1191 1726 1250 erogat
1758 1197 1959 1250 sumptus

1126 1267 1358 1323 Superaria
1377 1267 1513 1309 uestis
1531 1281 1639 1322 quae
1658 1265 1985 1321 superinduitur

1126 1338 1282 1381 Scurra
1313 1338 1532 1395 parasitus
1565 1338 1856 1381 buccellarius

1125 1411 1384 1453 Semiiustus
1417 1411 1642 1452 dimidium
1676 1410 1782 1452 iusti
2003 1418 2038 1443 50

1125 1482 1307 1525 Sentens
1351 1482 1570 1525 sententia
1610 1483 1735 1524 firma
1777 1485 1821 1523 et
1862 1482 1982 1524 indu-

1184 1556 1325 1597 bitata

1126 1626 1368 1669 Sarcitator
1400 1627 1474 1682 qui
1507 1629 1623 1668 tecta
1656 1626 1790 1668 sarcit

1125 1697 1274 1740 Sentio
1309 1698 1526 1740 sententia

1124 1769 1394 1825 Simpulator
1414 1770 1577 1812 amicus
1606 1769 1755 1825 sponsi
1779 1769 1979 1812 assiduus

1183 1858 1280 1884 cum
1314 1857 1362 1884 eo
1396 1842 1441 1884 in
1474 1842 1676 1885 conuiuio

1124 1914 1434 1957 Sextertiarius
1466 1914 1560 1969 ipse
1594 1914 1667 1969 qui
1701 1916 1856 1969 erogat

1123 1985 1213 2029 Silo
1245 2002 1351 2029 naso
1384 1986 1522 2029 inciso
1556 1986 1625 2027 uel
1658 1986 1841 2027 reducto

1123 2057 1362 2101 Strofarius
1384 2058 1598 2100 strofosus
1626 2058 1842 2112 impostor
1868 2056 1982 2113 fraq-

1181 2131 1306 2172 dator

1123 2201 1303 2244 Sauium
1335 2202 1532 2244 osculum
1563 2200 1818 2242 uxoriosum

1124 2273 1378 2316 Subcisiuus
1413 2274 1552 2315 malus
1586 2273 1800 2326 interpres

1124 2345 1306 2400 Scapus·
1329 2347 1471 2387 certus
1512 2358 1718 2386 numerus
1761 2346 1982 2384 tomorum
2001 2350 2036 2376 60

1184 2420 1328 2460 cartae
1363 2417 1550 2472 scriptae

1125 2488 1283 2532 Scurra
1315 2489 1388 2544 qui
1423 2488 1696 2543 incopriatur

1125 2560 1330 2603 Scurrula
1364 2560 1436 2616 qui
1467 2559 1686 2614 incopriat

2002 1920 2036 1946 55

1126 2632 1400 2674 Scordiscum
1434 2634 1629 2673 scortum

1124 2703 1255 2746 Secus
1289 2705 1454 2746 malum

1124 2775 1421 2817 Semiuaecors
1456 2773 1659 2815 minimus
1693 2788 1719 2814 a
1749 2771 1932 2815 uecorde

1124 2846 1376 2889 Semiermis
1410 2846 1501 2888 sine
1537 2844 1669 2887 armis

1125 2917 1323 2960 Scolaces
1352 2918 1466 2972 quod
1498 2932 1578 2959 nos
1604 2915 1770 2958 funalia
1796 2915 1979 2957 dicimus

1183 3004 1232 3031 eo
1267 2990 1381 3044 quod
1408 2989 1498 3031 sint
1531 2988 1690 3030 scoliae
1717 2987 1800 3029 hoc
1827 2991 1894 3029 est
1919 2986 1980 3027 in-

1182 3061 1302 3103 torti.
1344 3061 1425 3102 hos
1465 3059 1634 3102 romani
1672 3059 1796 3100 funes
1837 3061 1880 3100 et
1917 3057 1979 3099 fu-

2000 2780 2035 2806 65

1182 3132 1299 3175 nalia
1330 3124 1617 3174 nominabant
