2221 3490
256 182 343 222 422
769 175 1008 212 sPEOiMEN
1037 174 1222 210 GODICIS
1247 172 1501 208 LEIDENSIS

257 292 349 334 Axe
381 291 507 346 polus

257 362 435 404 Editor-e
472 358 706 402 excelsiore

257 433 440 475 Reditus
472 430 704 473 facultates

257 506 413 561 Iugum
433 502 650 545 montium
668 501 877 543 uerticem
901 499 1115 542 montium

222 570 237 611 ζ’)
259 577 380 618 Litat
414 575 631 618 sacrificat

212 1020 242 1043 10

260 647 510 691 Oratoriam
556 645 814 701 sapientiam
860 643 1116 687 seculariam

319 718 406 776 (ria
436 732 484 760 ex
515 718 583 760 riu
614 716 733 773 corr.)

260 789 417 833 Infecti
450 789 601 832 uiciati

261 862 540 918 Operiremur
576 864 903 916 expectaremus

262 934 584 976 Ducennarium
617 933 858 988 precsidem

265 1007 502 1049 Sinisactas
536 1005 784 1048 sociatriccs

267 1078 501 1121 Consulere
533 1077 761 1133 prouidere

266 1151 475 1194 Coibatus
510 1150 650 1191 exitus

124 1232 254 1268 1'01.32¹¹
271 1221 501 1265 Sodalibus
536 1220 709 1263 socibus

218 1378 248 1403 15

219 1738 253 1761 20

222 2168 256 2192 25

228 2597 261 2622 30

231 2953 264 2977 :55

271 1294 567 1337 Adseueratur
599 1292 880 1334 adnuntiatur

259 1365 473 1409 Naneisci
504 1364 690 1406 inueniri

268 1438 464 1480 Inuisum
495 1437 597 1479 luad

269 1510 435 1552 Effetas
469 1511 700 1551 cuacuatas

272 1582 408 1637 Stipis
442 1597 539 1623 esca
572 1579 740 1622 modica

273 1653 518 1696 Ruderibus
551 1652 793 1694 mixinnum

273 1726 377 1768 Voti
411 1740 542 1779 copos
576 1723 815 1767 christiana

273 1797 428 1839 Thecis
471 1795 678 1839 custodiis
720 1795 932 1837 fabricam
972 1794 1022 1834 de
1062 1807 1127 1834 ar-

333 1872 465 1925 gente

274 1942 494 1985 Cathanos
528 1939 709 1981 mundos

275 2013 522 2068 Perspicem
553 2010 778 2067 ingenium

275 2085 389 2127 Exin
421 2083 573 2125 deinde

278 2156 481 2212 Spiridon
513 2169 671 2197 nomen
702 2154 892 2196 hominis

278 2227 462 2284 Cyprius
495 2226 715 2282 prouintia

278 2301 390 2342 Rata
423 2298 677 2341 confirmata

279 2371 423 2427 Fruga
455 2370 669 2412 modestia

280 2442 485 2485 Seminon
529 2441 815 2483 honestorum
861 2439 1134 2482 conuenticu—

338 2515 429 2556 lum

281 2586 474 2627 Mulcata
506 2584 654 2626 uincta

282 2656 551 2712 Pugionibus
585 2655 863 2698 mucronibus

281 2729 461 2770 Pessum
494 2727 720 2769 interitum

282 2800 397 2842 Fuco
430 2799 654 2855 pigmento

284 2887 304 2911 *
368 2887 387 2910 ιγ
453 2887 471 2909 2⁶<
537 2887 555 2909 ὴ
622 2887 640 2909 ss
706 2887 724 2909 *
789 2886 809 2909 ῆι
874 2887 892 2908 ⁹⁶

491 2942 570 2984 DE
611 2941 928 2985 CLEMENTE

285 3013 561 3055 Examussim
594 3014 846 3068 inquisitiue

285 3084 491 3126 Dumosis
526 3085 712 3139 spinosis

287 3155 468 3197 Elocare
503 3156 713 3198 collocare

1153 283 1303 327 Gattas
1336 282 1553 337 muriceps

1154 354 1361 398 Chautari
1384 369 1553 396 uermes
1576 353 1650 408 qui
1677 355 1856 396 cantant
1881 355 2006 396 nocte
2027 365 2063 389 40

1213 426 1326 469 sicut
1357 426 1525 469 locuste

1155 498 1361 555 Stragula
1401 498 1573 540 curtina
1610 498 1762 553 pulcra
1798 497 2010 539 uarietate

1214 571 1385 626 depicta

1155 642 1390 686 Columnas
1424 642 1586 684 uitreas
1619 642 1663 684 id
1694 645 1761 684 est
1801 642 1846 683 in
1880 640 2013 683 simili

1215 715 1318 761 uitis
1358 714 1609 769 scalpantur

1158 787 1362 829 Genesim
1392 788 1550 828 natura

1156 858 1389 915 Epicurius
1422 857 1696 912 uoluptarius
1731 857 1925 912 corporis

1158 931 1417 986 Phitagoras
1450 928 1725 983 uoluptariUS
1760 929 1918 971 mentis
2036 938 2071 963 «15

1159 1002 1418 1045 Calistratus
1449 1002 1509 1056 ᾗῇ
1541 1000 1625 1042 uiri
2026 1007 2159 1043 fol.33r

1159 1074 1368 1116 Idasteles
1401 1075 1460 1129 pp
1492 1073 1577 1115 uiri

1161 1146 1380 1189 Diodorus
1419 1134 1504 1206 {ppt
1536 1145 1620 1187 uiri

1161 1218 1404 1273 Adepiades
1437 1219 1496 1272 ΙΤΡ
1528 1216 1611 1258 uiri

1164 1291 1291 1347 Hyge
1335 1305 1441 1345 quas
1482 1288 1632 1330 beluas
1672 1290 1831 1330 uocant
1870 1288 1913 1329 id
1951 1290 2019 1329 est
2040 1298 2073 1323 50

1223 1362 1361 1404 bestie

1166 1435 1349 1478 Ocliimo
1387 1434 1524 1476 herba
1555 1435 1621 1475 est
1659 1447 1741 1487 que
1780 1431 1914 1473 latine
1957 1446 2020 1480 ca-

1224 1509 1389 1562 tagoga

1167 1577 1344 1620 Cratera
1375 1580 1535 1632 patena

1168 1650 1297 1692 Creta
1330 1663 1497 1691 comam
1530 1647 1760 1703 diptamini
1793 1647 1933 1689 mittit

1167 1721 1331 1763 Tholus
1358 1723 1522 1762 tectum
1545 1720 1594 1761 de
1621 1720 1756 1775 petris
1784 1719 1875 1761 sine
1902 1718 2022 1774 ligno

1167 1792 1316 1835 Fidiae
1350 1807 1481 1847 opera
1515 1806 1645 1847 opera
1677 1791 1744 1833 dei
2043 1800 2077 1826 55

1169 1863 1501 1907 Auacefaleosin
1533 1862 1839 1918 recapitulatio

1168 1936 1477 1979 Deucalionem
1508 1949 1666 1976 nomen
1706 1935 1820 1991 regis
1854 1936 1933 1977 sub
1967 1935 2025 1976 di-

1227 2008 1394 2050 luuium
1422 2007 1587 2049 factum
1615 2009 1681 2049 est
1706 2021 1794 2049 non
1821 2021 2025 2063 generare

1172 2080 1384 2135 scrupeas
1418 2078 1714 2121 dubitationes

1169 2150 1508 2207 Pyrifiegitonta
1557 2150 1671 2206 ignis
1718 2149 1929 2191 ebulliens
1979 2147 2026 2205 (b

1229 2237 1276 2265 ex
1308 2239 1335 2278 p
1367 2220 1488 2278 corr.)

1173 2294 1454 2337 Climacteras
1487 2295 1633 2348 partes
1668 2291 1748 2346 celi
2046 2303 2081 2327 60

1171 2366 1382 2408 Matliesis
1416 2365 1614 2407 doctrina
1647 2362 1910 2417 astrologiae

1171 2439 1420 2493 Tetragono
1455 2439 1661 2492 quattuos
1689 2434 1873 2490 angulos
1907 2431 1954 2490 (u
1981 2447 2030 2475 ex

1234 2525 1257 2552 o
1291 2523 1390 2552 corr.
1418 2523 1470 2550 m.
1485 2506 1529 2565 1)

1175 2579 1447 2624 Caeodem01'1
1482 2579 1621 2622 malus
1655 2579 1809 2620 demon

1174 2652 1402 2708 Trapezita
1424 2652 1497 2707 qui
1519 2652 1564 2693 in
1586 2665 1734 2693 mensa
1754 2663 2030 2690 nummorum

1236 2724 1578 2779 permutationes
1612 2722 1777 2764 uictum
1811 2719 1954 2775 querit

1176 2795 1383 2838 Palestris
1418 2794 1602 2837 luctatio
2050 2803 2085 2829 65

1177 2868 1450 2910 Decanorum
1501 2864 1574 2920 qui
1623 2879 1699 2920 per
1749 2876 1780 2906 X
1832 2878 2030 2905 nummos

1236 2939 1521 2995 auguriantur

1176 3011 1341 3052 Thema
1371 3009 1569 3052 doctrina

1179 3080 1330 3124 Scema
1361 3082 1500 3137 figura

1177 3150 1423 3206 Paenilopis
1456 3166 1565 3194 uxor
1597 3151 1749 3193 achilis
