2221 3490
217 153 301 194 608

214 261 413 304 Patrauit
444 262 612 314 patrem
648 258 752 299 fecit

216 332 440 375 Paludatis
474 329 714 371 mantuatis

215 405 339 446 Palla
370 403 565 444 latubres

216 474 469 517 Patibulum
502 488 570 515 res
603 475 758 528 patens

149 590 150 593 ,
182 561 197 584 s,
218 546 461 589 Pestincius
494 544 732 586 uiolentius

216 618 371 660 Penita
403 616 501 658 aula
533 616 654 671 regia

217 690 373 744 Pelops
391 688 464 743 qui
484 687 619 729 habet
633 702 813 729 uxorem
829 690 873 728 et
889 687 1076 730 amicam

216 761 460 804 Proxeneta
485 758 617 800 homo
641 773 924 813 praecurrens
947 759 1078 813 quod-

278 847 446 888 cunque
478 830 708 886 negotium

219 905 353 947 Palax
385 903 562 945 dolosus
595 902 731 944 fallax

168 992 199 1015 10
221 975 423 1032 Parapsis
458 976 642 1030 granata
673 973 743 1015 uel
778 974 949 1016 catunis

218 1048 478 1104 Par-apsides
513 1045 744 1087 suffusoria

219 1119 444 1162 Partiliter
456 1118 591 1160 diuise
604 1132 679 1172 per
690 1121 837 1172 partes
848 1118 1080 1160 distribute

220 1191 519 1234 Pastoforium
551 1190 710 1231 atrium
736 1190 890 1245 templi
918 1192 992 1231 aut
1019 1205 1083 1231 sa-

283 1263 471 1306 crarium

222 1336 401 1377 Pastam
433 1334 702 1390 praeclaram

170 1422 202 1447 15
222 1408 391 1464 Pegaso
422 1407 554 1448 homo
587 1406 792 1448 iocularis

222 1479 455 1522 Polumum
486 1479 607 1520 locus
642 1493 864 1520 sacrorum

222 1551 475 1594 Promurale
510 1565 659 1592 murus
692 1553 792 1592 ante
827 1565 999 1591 murum

222 1623 431 1666 Pronefas
465 1623 605 1665 scelus
638 1616 956 1665 incontinentia

223 1696 459 1752 Priuignus
492 1695 625 1750 uulgo
658 1696 757 1736 ante
790 1697 920 1736 natus

171 1782 204 1807 20
223 1768 423 1811 Panchra
454 1767 608 1822 rapina

226 1840 426 1882 Pactario
459 1838 678 1894 plantario

227 1913 429 1954 Patiliter
462 1909 599 1952 diuise
634 1926 658 1952 a
691 1912 892 1965 patenter

228 1985 413 2027 Polosus
447 1983 561 2024 altus

227 2056 384 2098 Polose
419 2055 505 2097 alte

175 2141 209 2166 25
228 2127 464 2184 Pangitare
497 2126 673 2167 laudare

229 2199 506 2241 Persolenter
539 2198 710 2239 assidue

229 2270 459 2312 Pililudius
493 2269 566 2324 qui
599 2269 809 2324 polotello
843 2269 954 2309 ludit

231 2341 457 2384 Podiarius
491 2341 606 2382 inter
638 2341 795 2382 mimos

231 2414 432 2456 Petiliter
464 2413 649 2454 demisse
682 2412 819 2453 diuise

179 2500 213 2524 30
231 2485 515 2539 Pereataprat
547 2484 672 2525 ualde
705 2484 850 2525 taedet

232 2556 428 2598 Pennum
461 2554 527 2596 bis
561 2558 738 2597 acutum

233 2627 394 2670 Pindae
433 2627 589 2682 pinnae
623 2626 763 2668 dictae
801 2629 903 2668 sunt
937 2642 961 2668 a
992 2640 1092 2681 pen-

295 2700 431 2742 dendo
454 2699 526 2740 sed
547 2713 651 2740 usus
674 2698 867 2740 obtinuit
887 2701 936 2739 ut
960 2698 1094 2753 pinna

294 2772 494 2814 dicantur

235 2844 382 2885 Plaria
413 2842 610 2884 delucida

238 2914 450 2957 Plaustrit
481 2914 594 2969 quod
628 2914 678 2955 de
712 2914 908 2969 plaustro
943 2914 1070 2955 sonat

184 2998 218 3024 35
237 2985 494 3028 Plebiscitat
526 2986 697 3040 plebem
731 2985 969 3040 alloquitur
1008 3022 1011 3023 γ

239 3057 435 3100 Plemina
462 3072 559 3100 cum
592 3057 637 3098 in
670 3057 870 3099 manibus
904 3059 946 3098 et
978 3055 1093 3111 pedi·

299 3129 381 3171 bus
415 3128 550 3171 calusi
584 3129 691 3171 sulci
725 3132 827 3171 sunt

847 146 1061 183 GLOSSAE
1089 145 1341 182 SCALIGERI

1112 255 1348 296 Plumbum
1377 255 1422 296 in
1450 254 1586 296 oculis
1613 254 1785 295 macula
1810 253 1969 296 coloris

1172 326 1368 381 plumbei

1112 398 1254 440 Plotei
1286 397 1452 453 proprii

1113 469 1360 511 Positiones
1395 469 1589 510 aedificia

1113 540 1362 596 Postpridie
1394 539 1521 582 hodie

1113 611 1331 668 Polingon
1372 612 1448 653 ubi
1488 612 1699 653 cadauera
1741 613 1974 666 ponuntur.

1176 698 1380 740 graecum

1115 754 1343 798 Postifices
1376 755 1538 797 iudices

1116 826 1326 869 Prouefas
1361 827 1529 868 antefas
1565 826 1898 869 eontralieentia

1117 898 1345 940 Prosatrix
1378 898 1567 954 genitrix

1114 968 1288 1011 Pedana
1306 985 1354 1012 ae
1374 970 1548 1025 pedales
1562 985 1702 1012 nouus
1719 969 1792 1025 qui
1808 969 1973 1025 caligae
1994 980 2028 1005 45

1175 1042 1368 1084 assuitur

1990 551 2024 575 40

1119 1113 1371 1155 Prurientes
1400 1114 1577 1155 auribus
1601 1113 1674 1168 qui
1701 1113 1889 1155 libenter
1909 1113 1976 1155 de-

1180 1185 1372 1227 siderant
1423 1185 1472 1227 de
1519 1185 1604 1227 alio
1656 1185 1762 1227 mali
1814 1184 1978 1239 aliquid

1179 1257 1327 1300 audire

1119 1328 1406 1371 Portitorium
1433 1328 1697 1384 porticulum
1721 1328 1904 1371 baculus
1931 1327 1980 1369 li-

1180 1416 1333 1443 xarum

1118 1472 1334 1514 Prolicere
1362 1487 1562 1514 emanare
1591 1473 1777 1516 effluere.
1819 1473 1979 1516 Varro-

1180 1546 1353 1587 demum
1377 1544 1452 1586 ubi
1477 1545 1683 1599 prolicuit
1705 1545 1842 1587 dulcis
1864 1545 1980 1586 unda

1123 1617 1351 1659 Praeclues
1386 1616 1509 1658 ualde
1544 1617 1685 1659 clarus
1719 1620 1763 1658 et
1802 1616 1979 1658 inclitus

1121 1688 1395 1731 Prociuimus
1428 1689 1710 1744 probauimus

1122 1760 1358 1802 Praetenta
1391 1761 1640 1815 anteposita

1125 1832 1374 1888 Purpurilla
1400 1832 1521 1874 locus
1546 1836 1669 1874 extra
1695 1835 1869 1888 portam
1898 1845 1983 1886 quo

1183 1919 1402 1959 purpurea
1434 1906 1555 1946 ueste
1589 1907 1816 1946 uterentur

1124 1975 1373 2018 Polluctare
1408 1989 1661 2018 consecrare

1125 2047 1402 2103 Pulpidinem
1435 2047 1638 2103 colophia

1124 2118 1234 2161 Pero
1269 2118 1553 2160 calciamenta
1585 2119 1728 2173 pilosa

1126 2190 1277 2245 Propii
1310 2188 1444 2245 legati
1477 2189 1608 2231 matri
1641 2190 1894 2233 muneribus

1125 2261 1307 2303 Plantos
1340 2262 1518 2303 auribus
1551 2262 1705 2317 gracili
1739 2277 1920 2317 corpore

1128 2333 1370 2388 Pilicrepus
1404 2333 1477 2387 qui
1509 2333 1600 2388 pila
1632 2333 1745 2374 ludit

1127 2404 1366 2448 Pictatium
1387 2405 1574 2459 epistola
1595 2404 1741 2447 breuis
1757 2408 1801 2447 et
1818 2405 1987 2447 modica

1127 2476 1459 2531 Percartapsere
1492 2476 1618 2518 ualde
1651 2476 1842 2519 diuidere

1128 2548 1309 2590 Petulus
1324 2562 1460 2604 equus
1477 2538 1550 2603 qui
1565 2548 1700 2590 habet
1715 2548 1837 2590 albos
1857 2548 1986 2603 pedes

1131 2620 1452 2663 Pietatiuncula
1484 2620 1738 2661 membrana

1130 2692 1384 2748 Pugillones
1417 2691 1706 2747 pugillatores

1131 2763 1299 2806 Pubeta
1331 2763 1401 2805 uel
1433 2763 1604 2818 pubeda
1635 2763 1885 2806 adolescens

1132 2836 1374 2892 Pitiginata
1406 2835 1577 2877 causiae

1130 2907 1383 2950 Plebeseere
1414 2907 1587 2962 plebem
1621 2906 1786 2962 alloqui

1132 2979 1408 3022 Plebiscitari
1439 2979 1612 3034 plebem
1644 2977 1809 3020 imitari

1132 3051 1407 3093 Puluicinare
1440 3050 1627 3106 pluitare
1658 3064 1784 3105 saepe
1816 3049 1965 3105 pluere

1133 3123 1323 3179 Pipilare
1356 3137 1560 3166 resonare

2001 1698 2035 1725 50

2001 2130 2036 2156 55

2006 2488 2041 2514 60

2008 2844 2044 2871 65
