2221 3490
225 147 311 189 652

797 149 1010 185 GLOSSAE
1036 149 1409 184 IVVENALIANAE

629 343 695 390 Vl
754 343 1033 391 GLOSSAE
1072 345 1136 392 IV
1145 345 1571 394 VENALIANAE

826 436 918 481 (cod.
946 436 1063 472 Paris,
1093 440 1183 472 7730
1210 448 1305 472 saec.
1328 437 1374 483 X)

145 558 148 561 “
223 545 404 586 Abacon
437 545 610 601 signum
643 546 960 602 geometricum

226 616 400 658 Abacus
440 632 589 658 mensa
622 617 666 659 in
699 632 784 672 qua
816 617 970 660 calices
1008 633 1080 673 po-

282 691 446 729 nuntur

222 759 468 801 Abdumine
501 761 544 802 id
577 764 644 803 est
675 762 938 817 pinguedine

222 831 451 873 Abesthon
490 832 601 887 lapis
635 832 727 874 sine
765 834 865 889 igne
906 834 980 876 sed
1013 849 1078 877 ac-

283 918 433 945 census
466 919 553 946 non
587 904 860 960 extinguitur

185 992 201 1017 5
225 975 396 1030 Abiugo
431 975 576 1017 diuido

219 1046 387 1089 Abiuro
422 1048 590 1103 abnego

220 1118 333 1161 Acer
365 1119 534 1175 lignum
567 1120 788 1162 coloribus
820 1121 962 1176 impar

221 1191 336 1232 Acus
377 1194 715 1246 purgamentum
753 1192 963 1234 frumenti
1003 1191 1079 1249 (ql.

280 1263 326 1304 iu
358 1264 545 1317 maryine
577 1265 669 1306 add.
703 1279 755 1306 m.
771 1262 816 1321 1)

223 1334 382 1376 Abolla
415 1349 551 1390 genus
584 1336 838 1378 uestimenti
871 1337 1023 1378 rustici

94 1438 101 1444 .
172 1424 204 1448 ιο
223 1405 415 1461 Adipata
446 1405 589 1448 dulcia

223 1477 477 1534 Adlobroga
511 1492 661 1533 graece
696 1479 932 1522 declinauit
965 1482 1079 1536 quod

283 1549 424 1605 gallus
460 1553 553 1591 erat
585 1550 707 1592 rufus

223 1621 436 1677 Agagulis
464 1622 661 1664 leonibus
690 1622 810 1679 (corr.
829 1623 1079 1681 lenonibus)

223 1693 422 1749 Agauem
456 1694 702 1736 cantionem
734 1699 892 1737 nouam

223 1765 394 1820 Aliptes
433 1765 515 1807 hoc
558 1766 715 1808 uitium
754 1768 938 1822 aliptum
984 1783 1077 1810 esse

283 1838 394 1879 solet
445 1838 559 1893 quod
617 1838 759 1880 solent
815 1840 987 1895 alapam
1037 1840 1082 1881 in

283 1909 424 1951 femur
456 1910 555 1951 dare

172 1996 203 2020 15
226 1981 420 2023 Alueolis
454 1982 583 2024 discis

223 2053 359 2095 Amos
393 2053 507 2096 enim
541 2068 692 2109 graece
725 2069 854 2096 arena
886 2055 1045 2097 dicitur

223 2126 407 2167 Anchon
421 2123 540 2182 (corr.
553 2124 723 2183 Ancon)
739 2125 910 2168 cubitus
926 2127 1083 2168 dicitur

225 2198 399 2254 Angina
431 2198 585 2240 tubera
619 2198 709 2239 siue
743 2199 950 2254 glandula

224 2269 445 2311 Antifates
480 2272 626 2311 custos
661 2270 813 2312 domus
849 2285 974 2325 quem
1008 2271 1082 2313 ho-

286 2335 422 2382 mines
456 2341 614 2382 timent

172 2426 205 2450 20
229 2413 413 2454 Anuben
469 2413 674 2468 aegyptia
718 2413 868 2469 lingua
920 2428 1083 2456 mercu-

286 2485 398 2526 rium
437 2488 594 2526 uocant

229 2556 354 2610 Acipi
385 2555 499 2597 idest
532 2556 611 2597 alti
644 2559 686 2598 et
717 2556 877 2598 nobilis

228 2627 402 2682 Appula
433 2643 591 2670 nomen
624 2629 850 2682 proprium

227 2698 445 2754 Aquarius
480 2700 737 2741 melastinus

230 2771 403 2827 Aragne
437 2771 562 2827 uirgo
596 2771 784 2813 laneficii
817 2771 1085 2826 peritissima

176 2856 208 2880 :¹5
230 2843 425 2884 Araneus
458 2843 700 2885 masculino
735 2857 891 2898 genere
924 2841 1085 2884 animal

290 2929 447 2955 aranea
467 2914 676 2957 feminino
707 2929 864 2970 genere
886 2913 974 2955 tela
996 2929 1086 2956 ara-

287 3000 467 3027 neorum
1012 3024 1014 3026 ,

232 3056 488 3111 Arthetipos
546 3055 603 3113 (h
653 3071 685 3099 s.
729 3056 825 3114 εον.)
883 3058 1086 3112 antiquos

290 3128 437 3169 uultus

1119 547 1407 603 Arthigenem
1440 547 1485 589 id
1518 550 1585 589 est
1616 547 1831 590 medicum

1122 619 1288 658 Arrunt
1317 619 1456 661 mucci
1484 621 1528 660 et
1554 619 1717 661 saliuae
1745 624 1978 663 excurrunt

1120 688 1311 744 Artopta
1342 690 1484 744 pistor

1121 760 1335 803 Artaxata
1368 776 1504 818 genus
1535 763 1673 804 uestis
1704 763 1960 819 peregrinae
1999 775 2034 801 30

1119 831 1301 874 Asseres
1346 834 1435 888 pali
1479 834 1550 876 uel
1594 834 1745 889 paxilli
1786 835 1839 876 ab
1883 850 1979 877 asse

1179 904 1285 946 dicti
1324 906 1398 959 qui
1444 906 1526 948 soli
1565 906 1610 947 in
1655 908 1772 948 tecto
1812 909 1855 949 et
1891 922 1980 949 non

1179 976 1401 1019 coniuncti
1432 981 1656 1033 ponuntur

1120 1047 1181 1089 At
1208 1048 1245 1089 si
1272 1048 1476 1091 dematon
1504 1049 1670 1091 cefalen
1697 1064 1745 1092 su
1773 1049 1837 1092 ita
1863 1050 1978 1092 enim

1178 1119 1323 1174 grae'ci
1356 1120 1503 1162 iurant

1117 1191 1278 1233 Auctio
1310 1192 1574 1248 proscriptio

1119 1263 1330 1306 Aurunca·
1354 1263 1478 1305 italia

1118 1333 1326 1376 Aurunca
1358 1335 1513 1378 ciuitas
1545 1336 1770 1392 hispaniae

1118 1407 1271 1462 Apage
1304 1407 1486 1458 abscede
1517 1411 1560 1450 et
1591 1396 1700 1450 uade

1117 1477 1334 1534 Apagesis
1368 1480 1550 1522 abscede
1583 1480 1645 1522 sic
1680 1495 1810 1522 sanus
1844 1481 1902 1522 sis

1118 1549 1408 1592 Bacchanalia
1433 1551 1536 1593 festi
1563 1552 1652 1594 dies
1683 1552 1812 1594 liberi
1838 1552 1976 1608 patris
2016 1606 2019 1609 .

1117 1622 1284 1677 Baptae
1307 1622 1471 1664 cinaedi
1495 1623 1538 1664 id
1559 1626 1626 1665 est
1648 1624 1733 1665 uiri
1757 1624 1977 1666 molliores

1119 1693 1302 1735 Barbita
1322 1707 1459 1749 genus
1481 1695 1694 1736 musicum
1716 1692 1788 1752 (ql.
1807 1697 1854 1737 in
1870 1710 1980 1738 mar·
1999 1706 2034 1731 40

1175 1766 1271 1819 ‚qine
1301 1778 1375 1808 scr.
1409 1780 1461 1807 m.
1483 1770 1526 1819 1)

1121 1836 1312 1892 Bargina
1343 1837 1532 1879 barbara
1564 1836 1637 1895 (syl.
1659 1839 1703 1880 in
1723 1837 1981 1895 mary.‘m.1)

1122 1909 1290 1951 Bacillo
1324 1909 1610 1951 diminutiuae
1644 1925 1669 1951 a
1700 1911 1854 1953 baculo

1122 1980 1357 2022 Bebriacus
1398 1996 1473 2022 rex
1515 1981 1588 2037 qui
1628 1981 1825 2037 hospites
1870 1982 1980 2025 occi-

1181 2051 1311 2093 debat

1121 2124 1354 2166 Beronices
1381 2124 1492 2180 lapis
1518 2129 1585 2167 est
1606 2126 1798 2180 optimus
1819 2129 1863 2167 et
1888 2140 1982 2181 pre-

1181 2196 1321 2238 tiosus
1338 2196 1387 2237 de
1404 2211 1489 2251 quo
1505 2196 1660 2239 calices
1675 2211 1801 2253 reges
1816 2197 1982 2239 habent

1120 2267 1317 2310 Bocchar
1355 2268 1498 2310 oleum
1536 2269 1775 2323 pessimum
1811 2268 1980 2324 tripoli·
1999 2279 2033 2304 45

1998 1347 2033 1373 35

1182 2342 1334 2380 tanum

1124 2411 1250 2453 Birro
1284 2410 1403 2452 diues
1437 2411 1507 2453 uel
1539 2414 1749 2466 patronus

1121 2483 1301 2524 Brattea
1315 2483 1510 2537 petalum
1527 2483 1571 2525 id
1587 2486 1653 2525 est
1671 2483 1834 2525 lamina
1849 2498 1981 2525 aurea

1122 2554 1303 2596 Bilibris
1349 2554 1564 2596 sextarius
1615 2555 1684 2596 bis
1729 2557 1982 2610 assumptus

1182 2623 1254 2683 (ql.
1288 2627 1334 2667 in
1366 2628 1552 2680 marye'ne
1583 2640 1657 2669 ser.
1689 2640 1743 2668 m.
1758 2625 1803 2683 1)

1125 2698 1297 2747 Quadra
1331 2700 1487 2753 quarta
1518 2712 1618 2752 pars
1652 2697 1777 2752 panis
1810 2697 1971 2740 dicitur

1123 2769 1272 2811 Masca
1303 2769 1459 2811 faciem
1491 2769 1624 2811 habet
1657 2769 1883 2811 cristatam

1122 2840 1335 2883 Mariscae
1368 2841 1475 2883 ficus

1124 2912 1412 2968 Maleagrides
1469 2910 1588 2968 (corr.
1634 2912 1687 2953 al.
1726 2925 1778 2952 m.
1824 2910 1983 2953 Melea-

1185 2983 1350 3040 grides)
1383 2983 1570 3039 gallinae
1603 2982 1791 3024 rusticae

1125 3054 1352 3097 Meritoria
1384 3054 1666 3097 mercimonia
1698 3053 1899 3095 dicuntur

1126 3126 1377 3182 Metropede
1409 3127 1452 3168 id
1486 3128 1552 3168 est
1582 3125 1698 3167 nudo
1730 3124 1838 3179 pede

2002 2780 2038 2805 50
