2216 3402
631 122 862 158 PLACIDVS
888 123 1142 159 LIBRORVM
1167 123 1481 159 ROMANORVM
1901 129 1922 168 7

181 229 371 286 Aginam
391 246 567 286 scapum
586 231 836 274 tritimanae
852 233 965 287 quod
986 247 1035 274 eo

240 316 443 343 mensura
474 302 674 357 ponderis
709 305 874 359 agatur.

182 372 388 415 Arceram
420 373 666 416 uehiculum
699 375 743 416 in
770 389 892 416 arcae
930 390 1034 416 nun-

240 443 341 485 dum
369 445 584 486 confixum
615 460 701 487 non
733 446 883 500 utique
915 446 1032 501 plau-

240 517 379 556 strum
412 516 459 557 .i.
493 530 674 558 carrum.

178 585 344 629 Ancras
379 587 596 629 conualles
629 589 704 628 aut
736 602 939 629 aruorum
972 588 1031 630 in-

237 658 432 699 terualla.

176 728 463 784 Aginatorem
494 729 814 785 negotiatorem
848 733 969 773 actus

142 809 159 835 5
178 800 399 856 Abiugare
433 800 664 856 adiungere
697 801 916 844 adducere.

178 871 430 912 Adexodum
458 872 510 913 ad
536 872 665 913 finem
690 873 757 914 uel
784 873 1031 917 terminum.

176 941 389 984 Assiduos
432 942 572 997 capite
615 957 764 985 censos
807 944 880 998 qui
921 945 1031 987 nihil

236 1013 336 1056 dare
380 1016 583 1068 potera-nt
626 1015 791 1068 prolem
835 1016 946 1057 unde
989 1019 1032 1058 et

235 1085 484 1140 prolectarii
517 1085 620 1127 dicti
654 1089 755 1127 sunt
787 1089 830 1127 et
864 1087 1031 1129 adsidui

235 1155 396 1198 milites
429 1159 472 1198 et
505 1157 558 1198 ab
592 1157 846 1199 assiduitate
886 1158 1031 1200 officii.

174 1226 461 1282 Acceptorem
474 1227 628 1270 salutis
641 1228 714 1283 qui
726 1229 941 1272 salutatus
951 1233 1029 1272 est.

174 1299 434 1341 Auscultare
460 1314 610 1353 parere
635 1300 815 1354 obsequi
843 1301 1028 1343 obedire.

120 1380 154 1406 10
174 1369 360 1411 Arnanti
390 1370 605 1424 prementi
638 1373 937 1414 murmuranti.

172 1441 448 1483 Ambulacris
473 1441 580 1483 locis
602 1441 758 1496 quibus
780 1444 1029 1486 ambulatur

232 1527 405 1568 quoquo
438 1513 576 1554 modo.

173 1584 414 1626 Adiunctas
441 1584 493 1625 ad
520 1599 733 1626 summam
760 1599 906 1627 rerum
934 1601 1027 1641 per-

231 1655 526 1697 turbationem
557 1655 998 1712 desperationemque.

173 1728 461 1783 Antegenitos
483 1727 731 1769 docmazare
752 1728 825 1783 qui
849 1729 1028 1784 negauit

233 1813 493 1854 quemquam
538 1798 846 1852 sapientiorem
893 1799 1027 1842 fuisse

233 1885 281 1912 eo
313 1870 387 1925 qui
418 1869 595 1911 nomina
627 1870 754 1911 rebus
787 1871 1007 1925 imposuit.

173 1941 376 1996 Acriptas
411 1941 483 1995 qui
519 1941 701 1995 pedibus
742 1941 924 1984 editiore
964 1958 1028 1984 ca-

230 2012 319 2068 pite
351 2013 592 2067 pariuntur.
612 2005 617 2007 .

118 2095 152 2120 15
172 2084 314 2139 Aegre
347 2083 419 2125 uix
451 2098 559 2138 pene
590 2098 689 2126 non.

169 2155 254 2197 Ars
289 2168 436 2196 euerse
469 2155 759 2209 prouerbium.

146 2221 509 2268 'Abel-runcando
561 2226 880 2267 abhominando
934 2226 1026 2281 phi-

228 2298 323 2338 laxe
356 2296 516 2338 dicunt.

170 2368 404 2410 Altiboans
437 2368 689 2410 altisonans.

170 2439 369 2481 Auiditer
403 2439 538 2481 auide.

831 2487 849 2514 ὀῖ

1075 233 1308 276 Aduictare
1341 234 1534 276 adridere
1568 235 1764 276 inuitare.
1945 250 1978 273 20

1072 303 1318 359 Agredulae
1358 320 1458 346 rane
1491 320 1623 360 parue
1663 306 1848 348 multum
1882 307 1924 347 in

1131 374 1243 417 sicco
1278 379 1507 417 morantes.

1071 444 1212 486 Anate
1246 446 1534 489 sollicitudine
1568 462 1679 489 cura.

1069 506 1218 570 Aeque
1253 518 1481 572 quicquam
1513 518 1633 560 nihil.

1070 586 1246 628 Arcitus
1281 589 1451 631 arcibus
1485 589 1673 631 edoctus.

1069 657 1229 700 Asisua
1259 662 1441 713 petauro
1475 661 1659 715 pernice.
1940 674 1974 698 25

1070 729 1343 771 Animalibus
1383 731 1507 772 ostiis
1542 747 1723 786 quarum
1756 732 1922 774 animae

1129 800 1210 841 diis
1243 800 1552 843 sacrificantur.

1068 867 1231 912 Arcent
1262 873 1412 913 tenent
1438 873 1688 915 custodiunt
1719 875 1830 916 unde
1858 890 1924 917 co-

1128 941 1312 984 hercere.

1072 1011 1325 1055 Attrectant
1357 1017 1570 1057 astruunt.

1070 1084 1197 1138 Apua
1229 1084 1360 1138 piscis
1394 1086 1599 1128 minutus.

1069 1154 1219 1196 Aceris
1252 1156 1393 1210 pallea
1425 1157 1650 1200 milliacea.
1945 1173 1978 1197 30

1068 1225 1338 1269 Altrinsecus
1372 1243 1423 1269 ex
1455 1228 1592 1270 altera
1624 1233 1757 1283 parto.

1069 1297 1311 1340 Aeruscans
1350 1312 1420 1340 aes
1460 1299 1675 1342 minutum

1066 1369 1278 1411 Aecurate
1313 1372 1579 1412 construens.

1066 1439 1276 1481 Arueniet
1308 1441 1520 1483 adueniet.

1065 1511 1276 1552 Austrare
1333 1512 1591 1554 ulmefacere
1648 1514 1812 1556 dictum
1869 1516 1921 1557 ab
1943 1528 1976 1553 35

1126 1586 1274 1624 austro
1308 1583 1381 1637 qui
1415 1586 1480 1625 est
1512 1584 1726 1638 pluuialis,

1068 1653 1265 1695 Adorans
1299 1654 1534 1709 alloquens.

1067 1724 1326 1766 Adorientes
1361 1726 1672 1781 adgredientes.

1067 1796 1206 1837 Arilla
1238 1796 1459 1838 coactione
1492 1797 1801 1851 panniculario.

1064 1866 1249 1909 Acerata
1283 1868 1413 1909 offula
1445 1868 1690 1910 furfuraceo
1722 1885 1842 1924 pane.

1067 1939 1320 1993 Acupedum
1353 1939 1586 1981 uelocitate
1618 1940 1787 1994 pedum.
1941 1958 1976 1982 40

1067 2009 1265 2066 Agmine.

1067 2071 1329 2123 Ausculatus
1363 2082 1594 2123 osculatus.

1068 2153 1197 2194 Amui
1225 2153 1350 2195 serui.

1064 2223 1186 2265 Anus
1213 2227 1387 2266 estuosa
1407 2225 1519 2278 quod
1542 2224 1586 2266 in
1607 2226 1782 2267 modum
1809 2229 1921 2268 estu-

1124 2296 1211 2337 arei
1250 2295 1381 2336 maris
1426 2296 1620 2337 hauserit
1661 2297 1703 2338 id
1747 2300 1813 2338 est
1858 2297 1918 2339 bi—

1124 2367 1248 2408 berit.

1068 2438 1341 2492 Altriplicem
1373 2437 1570 2479 dolosum
1602 2438 1828 2492 duplicem.
1938 2459 1972 2484 45

265 2560 294 2591 1.
322 2555 445 2601 Agina
471 2567 515 2590 ea:
540 2555 703 2601 Aginam
728 2567 797 2590 ras.
819 2567 837 2590 c
860 2558 864 2599 Ι
887 2555 1051 2590 trutinae
1077 2567 1166 2591 corr.
1190 2555 1268 2590 b²c2
1288 2556 1299 2600 ΙΙ
1320 2559 1351 2589 2.
1379 2554 1516 2588 Arcera
1543 2567 1591 2590 (cc
1614 2556 1618 2600 Ι
1641 2556 1793 2589 modum
1819 2568 1909 2591 corr.

170 2614 249 2650 b²c²
271 2618 276 2660 Ι
299 2615 482 2649 confixum
502 2627 566 2650 om.
583 2627 605 2650 a
628 2616 632 2659 Ι
655 2626 782 2649 carum
797 2614 852 2650 l›¹.-
866 2627 955 2650 corr.
972 2615 1008 2650 b²
1032 2618 1036 2659 Ι
1059 2614 1157 2649 idest
1177 2625 1322 2648 carrum
1344 2615 1412 2659 Ῑεῃί
1435 2625 1506 2649 non
1519 2615 1643 2658 potuit
1665 2616 1703 2649 ln
1717 2628 1734 2649 c
1753 2617 1765 2659 ΙΙ
1785 2619 1815 2649 3,
1840 2616 1912 2648 An-

170 2675 225 2708 tes
240 2687 272 2709 (ι.
300 2674 438 2708 Anctes
453 2686 470 2710 c
492 2676 496 2718 Ι
520 2674 736 2718 conqualles
751 2678 834 2709 aute
848 2686 937 2710 corr.
951 2676 970 2709 b
990 2677 1001 2719 ΙΙ
1021 2678 1052 2709 4.
1068 2686 1167 2709 omme
1189 2675 1190 2678 ’
1206 2677 1235 2708 5.
1253 2685 1274 2707 a
1290 2672 1442 2717 iungere
1457 2685 1475 2708 c
1493 2674 1505 2718 ll
1527 2677 1554 2707 7.
1578 2673 1650 2706 nisi
1664 2674 1805 2718 prolem
1821 2686 1911 2709 corr.

168 2733 251 2768 c²b²
273 2734 277 2779 Ι
305 2733 498 2778 proletarii
513 2746 531 2769 c
552 2734 553 2779 J
580 2733 722 2768 assidui
736 2735 755 2768 b
776 2733 787 2778 ζἸ
810 2737 862 2769 12.
884 2733 942 2768 Ad
956 2733 1090 2768 incitas
1106 2733 1322 2778 b'21’nmar9.
1344 2732 1353 2761 'l
1376 2736 1429 2768 13.
1446 2743 1657 2776 quenquam
1673 2734 1691 2766 b
1714 2736 1716 2778 j
1740 2736 1792 2766 14.
1813 2732 1916 2766 Aeri-

169 2793 254 2837 ptas
275 2793 305 2827 b.
333 2791 518 2837 Agrippas
539 2804 629 2828 corr.
645 2794 680 2829 ο2
703 2795 706 2836 Ι
730 2792 890 2827 ediciore
911 2806 933 2828 a
952 2795 964 2838 ss
988 2797 1038 2828 17.
1066 2791 1357 2826 Auerruncando
1375 2792 1412 2826 b¹
1432 2793 1443 2836 ΙΙ
1464 2794 1517 2826 19.
1539 2790 1671 2825 Auiter
1691 2803 1714 2825 α
1733 2794 1743 2836 ΙΙ
1764 2795 1819 2826 20.
1843 2792 1914 2825 Ad-

169 2851 311 2885 iuctare
337 2862 427 2886 corr.
455 2851 494 2886 b²
524 2853 535 2896 ΙΙ
561 2856 616 2888 ⁶22.
645 2851 883 2887 solicitudine
910 2853 955 2888 bc
986 2854 991 2897 l
1025 2852 1049 2887 f.
1078 2852 1209 2885 sanate
1235 2863 1262 2886 s.
1289 2852 1330 2885 in
1355 2862 1466 2895 mara.
1496 2850 1534 2884 b‘-'
1564 2851 1575 2893 ΙΙ
1607 2853 1662 2885 25.
1690 2861 1735 2894 pc
1770 2861 1859 2884 auro
1886 2863 1913 2886 e.

169 2912 233 2955 pet
259 2911 297 2944 et
322 2921 411 2944 auro
438 2922 462 2944 a
480 2911 491 2954 ΙΙ
511 2913 566 2945 26.
594 2910 720 2945 anima
746 2923 795 2946 ac
813 2912 824 2955 ΙΙ
844 2914 899 2946 30.
926 2910 1102 2945 miliacea
1123 2923 1145 2945 α
1163 2912 1175 2954 ΙΙ
1195 2913 1250 2944 32.
1273 2913 1316 2943 33
1344 2909 1527 2944 contrahit
1553 2920 1571 2943 c
1590 2910 1601 2954 ΙΙ
1621 2912 1676 2944 34.
1710 2910 1916 2944 Arueniaet

172 2961 371 3004 aduenicet
402 2974 485 3004 ante
516 2981 606 3005 corr.
634 2971 664 3005 b.
703 2969 888 3005 Arueniae
922 2969 1103 3004 adueniae
1136 2981 1154 3004 c
1184 2970 1195 3013 ΙΙ
1227 2971 1281 3002 35.
1316 2968 1339 3002 s.
1367 2967 1602 3001 humes-acere
1630 2968 1669 3002 112
1700 2970 1742 3003 in
1767 2981 1878 3015 mafry.
1910 2970 1914 3013 Ι

173 3028 219 3062 ab
246 3040 289 3063 ezr
316 3028 362 3062 ob
389 3040 478 3063 corr.
506 3040 529 3063 a
565 3030 576 3074 ΙΙ
620 3033 674 3064 38.
707 3028 940 3075 panniclario
967 3033 1050 3064 ante
1075 3040 1168 3062 corr.
1196 3028 1214 3062 b
1252 3029 1263 3071 Η
1295 3030 1350 3061 42.
1387 3025 1625 3061 Auscultatus
1653 3028 1672 3062 b
1704 3030 1715 3072 ΙΙ
1753 3032 1807 3063 44.
1835 3030 1919 3062 estu

173 3086 251 3122 arci
273 3081 309 3122 ἀ.
350 3086 529 3121 aestuarii
555 3100 582 3123 c.
622 3088 646 3123 f.
674 3088 883 3123 aestuantis
910 3100 936 3123 s.
967 3090 1004 3123 in
1029 3099 1140 3133 ‘neco-gs.
1170 3087 1207 3121 b2'
1239 3088 1250 3131 Η
1282 3089 1337 3120 45.
1366 3085 1580 3131 Altiplicem
1607 3088 1626 3121 b
1652 3088 1663 3131 11
