2175 3428
222 155 306 198 174

220 265 421 310 Calculus
455 266 630 321 lapillus
663 265 775 309 calix
808 266 922 308 enim
961 267 1071 322 lapis

278 342 344 381 est
376 339 486 380 unde
522 353 571 380 eo
606 337 810 380 calculari
842 338 1001 380 dicitur
1030 339 1073 380 id

279 413 344 452 est
374 425 578 452 numerus

219 481 419 524 Calculus
452 481 626 537 lapillus

219 552 420 595 Calculus
453 553 564 608 lapis
598 552 917 596 minutissimus

219 625 443 667 Caldicum
474 624 559 666 fori
593 625 988 667 deambulatorium

182 711 197 736 5
219 694 414 737 Calibem
452 696 615 738 ferrum
659 695 830 752 generis
875 697 1072 738 feminini

275 767 453 810 lucanus
498 768 707 810 insertam
751 769 952 810 manibus
1003 783 1070 810 ca-

275 839 408 881 libem

217 909 418 953 Calibum
447 911 551 953 ferri
578 913 756 954 metalla
781 912 983 968 Uirgilius
1010 913 1070 953 in-

276 983 371 1025 sula
401 982 447 1024 in
480 984 695 1026 excusatis
724 985 912 1026 calibum
946 998 1070 1039 gene-

275 1069 373 1096 rosa
407 1055 596 1097 metallis

217 1126 359 1169 Calice
392 1141 526 1183 genus
560 1127 666 1169 mini

217 1197 380 1241 Caonio
424 1202 556 1254 portu
597 1198 808 1255 uergilius
852 1202 1069 1254 portuque

275 1271 447 1312 subium
479 1271 630 1313 caonio

215 1341 378 1384 Caonia
399 1342 518 1398 regio
540 1343 586 1383 in
606 1358 737 1398 epyro
759 1343 834 1384 ubi
859 1342 1069 1398 templum

272 1414 439 1456 dodone
472 1413 585 1456 iouis
617 1414 751 1456 fuisse
784 1414 943 1457 dicitur

160 1501 193 1526 10
215 1484 389 1540 Capelle
415 1485 495 1540 hec
522 1485 684 1541 capelle
710 1500 798 1528 non
822 1486 904 1528 hac
932 1486 1069 1540 apelle

272 1560 322 1598 ut
354 1557 539 1599 donatus

213 1627 430 1683 Caperatu
462 1631 653 1671 erectum
686 1630 876 1686 rigidum

212 1699 469 1755 Capetoleos
514 1700 753 1742 ellenorum
803 1701 955 1757 lingua
999 1701 1067 1743 de-

271 1773 442 1814 cember
474 1772 634 1814 mensis
668 1772 828 1814 dicitur
860 1770 938 1829 (Bt)

212 1843 466 1899 Capillascit
500 1844 670 1899 capillis
702 1843 914 1899 porrectis

212 1914 382 1970 Capilla
413 1918 540 1957 tenus
572 1930 708 1971 usque
741 1916 794 1957 ad
827 1916 1031 1971 capillum

160 1999 193 2026 15
213 1986 426 2042 Caplosus
459 1987 590 2029 elisus

213 2059 506 2115 Caprigenum
540 2073 766 2113 caprarum

212 2129 378 2184 Capsus
411 2133 478 2176 est
511 2130 717 2171 carrucha
748 2130 937 2185 undique
970 2145 1066 2172 con—

272 2204 389 2243 tecta
423 2200 547 2256 quasi
580 2216 708 2256 capsa

213 2272 405 2328 Captura
437 2272 629 2315 detentio

213 2344 427 2399 Capulum
459 2344 734 2386 manubrium
768 2344 903 2400 gladii

159 2430 193 2454 20
213 2415 403 2471 Capulus
434 2430 536 2470 pars
569 2416 704 2472 gladii
737 2430 817 2471 que
851 2418 1023 2458 tenetur

212 2487 402 2543 Capulus
435 2486 628 2530 manicus
661 2488 840 2542 despata

213 2558 401 2614 Capulus
440 2560 560 2602 locus
598 2558 644 2600 in
682 2574 766 2614 quo
805 2558 967 2600 mortui
1010 2558 1065 2600 ef-

270 2631 468 2673 feruntur
500 2631 590 2672 siue
624 2630 793 2672 manica
825 2629 957 2686 gladii

212 2701 365 2744 Caniet
397 2703 494 2745 leno

332 2846 366 2889 1)
401 2855 423 2878 a
448 2855 492 2879 esc
517 2855 538 2878 ο
565 2855 655 2880 corr.
687 2846 699 2888 ΙΙ

676 155 929 191 EXCERPTA
956 155 1020 191 EX
1046 156 1188 192 LIBRO
1216 155 1506 193 GLOSSARVM

1113 267 1327 310 (lanistris
1359 267 1535 310 ferculis

1113 338 1362 382 Canistrum
1397 342 1548 395 sporta
1984 351 2019 378 25

1113 411 1363 454 Cauistrum
1395 411 1510 453 fissis
1544 412 1692 454 cannis
1720 412 1966 454 contexitur

1170 484 1282 525 unde
1327 487 1370 525 et
1413 486 1710 538 nuncupatum
1755 483 1829 525 alii
1874 497 1966 539 gre-

1172 570 1270 597 cum
1303 557 1504 596 asserunt

1112 626 1263 669 Canon
1288 626 1547 668 hebreorum
1573 625 1725 682 lingua
1744 625 1964 668 ianuarius

1171 699 1330 740 mensis
1365 698 1523 739 dicitur
1555 695 1712 754 (Vir-9.)

1110 768 1260 812 Canon
1305 785 1503 825 syrorum
1548 770 1698 825 lingua
1742 770 1964 812 ianuarius

1169 841 1327 883 mensis
1360 841 1519 883 dicitur

1109 913 1363 956 Cantarium
1420 912 1490 954 uel
1547 915 1772 954 cantarum
1829 928 1964 969 equus

1168 988 1384 1027 castratus
1425 984 1499 1025 alii
1532 987 1678 1025 autem
1721 985 1963 1026 aumatium

1169 1060 1327 1100 uocant

1110 1128 1323 1171 Cantarus
1357 1143 1534 1185 grecum
1564 1142 1724 1170 nomen
1756 1130 1823 1170 est
1981 1149 2017 1176 30

1109 1198 1322 1242 Cantarus
1349 1215 1426 1242 uas
1448 1200 1665 1255 quondam
1691 1199 1892 1256 uirgilius
1920 1202 1963 1241 et

1168 1272 1315 1327 grauis
1337 1272 1499 1314 adtrita
1522 1272 1740 1327 pendebat
1760 1275 1962 1314 cantarus

1169 1359 1275 1386 ansa

1109 1413 1241 1456 Callit
1274 1416 1444 1458 auxitat
1502 1410 1511 1422 ⁸

1109 1487 1291 1529 Calones
1304 1485 1336 1545 ¹)
1368 1488 1666 1545 negotiatores

1109 1558 1292 1601 Calones
1326 1558 1457 1601 calari
1489 1560 1705 1602 emilitum

1106 1629 1288 1673 Calones
1321 1630 1520 1686 nauicule
1548 1644 1629 1685 que
1661 1630 1783 1688 ligna
1814 1630 1961 1672 militi·
1980 1651 2015 1679 35

1164 1703 1245 1744 bus
1276 1705 1455 1757 portant

1106 1774 1288 1816 Calones
1329 1774 1403 1829 qui
1441 1774 1562 1830 ligna
1606 1773 1820 1816 militibus
1865 1788 1960 1829 por-

1165 1848 1261 1887 tant
1298 1848 1465 1888 tectum
1509 1845 1626 1887 dicta
1669 1845 1860 1888 culmina
1904 1845 1958 1886 ab

1166 1932 1215 1960 eo
1267 1918 1382 1973 quod
1438 1916 1607 1972 antiqui
1658 1917 1708 1959 de
1759 1916 1959 1959 culminis

1165 1992 1282 2031 tecta
1313 1989 1522 2045 tegebant

1106 2058 1326 2102 Caltulum
1359 2060 1435 2102 ubi
1467 2060 1630 2102 mortui
1661 2060 1861 2102 feruntur

1105 2130 1336 2173 Caluentes
1368 2131 1533 2173 frustra
1564 2131 1878 2174 calumniantes

1103 2202 1339 2244 Caluitium
1373 2203 1544 2245 caluum

1103 2273 1287 2316 Camara
1299 2274 1484 2316 latinum
1501 2278 1568 2317 est
1581 2275 1824 2318 acuruitate
1841 2275 1957 2318 dicta
1974 2295 2010 2322 40

1163 2349 1228 2387 est
1255 2346 1369 2388 enim
1395 2347 1602 2389 uolumen
1626 2347 1866 2389 introrsum
1895 2361 1958 2388 re-

1163 2418 1348 2473 spiciens

1105 2488 1289 2531 Camilla
1321 2491 1520 2533 sacerdos

1104 2560 1313 2603 Camillus
1346 2561 1625 2617 preminister
1657 2576 1879 2604 sacrorum

1103 2631 1377 2687 Campestria
1438 2632 1655 2675 lumbaria
1711 2633 1803 2675 sibe
1865 2647 1956 2688 pre-

1163 2704 1372 2747 cinctoria

333 2967 362 2997 1.
391 2962 449 3008 eo]
477 2964 515 2997 et
542 2965 546 3006 Ι
576 2961 772 2997 calcularis
803 2964 815 3008 ΙΙ
848 2967 878 2998 9.
907 2962 1009 3009 epiro
1040 2965 1052 3008 ΙΙ
1085 2967 1136 2998 10.
1167 2974 1240 2998 non
1265 2963 1326 2999 hic
1353 2964 1496 3009 capelle
1527 2966 1539 3010 ΙΙ
1577 2967 1631 3000 11.
1659 2963 1885 3010 Caperatum
1909 2975 1954 3000 ex

214 3019 399 3065 Caper-atu
425 3033 515 3058 corr.
542 3023 553 3066 ΙΙ
582 3026 635 3057 13.
662 3021 897 3067 Capillasunt
921 3024 933 3067 ΙΙ
964 3026 1019 3058 20.
1048 3033 1122 3068 qua
1148 3023 1336 3068 tenetur·‚·
1363 3035 1380 3058 s
1405 3026 1416 3070 Η
1445 3028 1500 3059 28.
1527 3023 1621 3070 uirg.
1649 3025 1723 3060 eod.
1750 3026 1762 3070 ΙΙ
1793 3027 1848 3060 29.
1877 3025 1953 3060 aut.

215 3080 370 3126 aumar]
399 3082 526 3115 auetes
553 3080 761 3115 aumarium
793 3082 804 3126 ΙΙ
836 3085 891 3117 31.
919 3082 1108 3126 quoddam
1139 3085 1150 3127 ΙΙ
1183 3087 1236 3117 34.
1265 3082 1443 3118 callariae
1470 3083 1632 3118 militum
1663 3086 1675 3129 ΙΙ
1713 3087 1768 3119 36.
1795 3084 1917 3118 tectus
1943 3084 1954 3130 Ῐξ

214 3142 268 3173 40.
296 3138 475 3174 introrsus
501 3142 513 3186 ΙΙ
539 3144 594 3176 43.
623 3139 701 3175 siue
727 3140 1000 3186 praecinctoria
1026 3144 1084 3187 (ew
1108 3141 1338 3187 pracintoria
1362 3145 1470 3189 corr.)
1498 3146 1510 3189 ΙΙ
