2175 3428
172 1123 203 1145 10

170 2129 202 2154 ’.ΞΟ

229 136 315 177 224
686 135 941 171 EXCERPTA
968 136 1033 170 EX
1058 136 1200 172 LIBRO
1228 136 1518 172 GLOSSARVM

227 245 444 288 Mulcatus
479 246 788 287 condemnatus
1120 247 1420 289 Munificentia
1451 247 1674 303 puplicum
1701 263 1808 303 opus
1840 248 1883 291 id
1910 251 1976 291 est

226 316 437 359 Mulcauit
469 317 633 358 uincxit
665 317 821 372 ligauit
1179 318 1356 361 donatio

224 387 424 430 Mulcifer
450 387 565 444 ignis
587 387 700 442 quod
723 388 869 429 omnia
894 389 1081 430 mulceat
1119 390 1303 432 Munilia
1347 391 1585 445 pectoralia
1628 406 1865 446 aequorum
1907 393 1974 434 uel

283 460 373 514 ipse
408 459 569 501 dicitur
601 459 811 501 uulcanus
1179 465 1433 503 ornamenta
1465 461 1509 502 in
1543 462 1707 504 ceruice
1746 463 1975 504 mulierum

224 531 411 573 Mulctra
425 546 502 573 uas
520 545 605 586 quo
620 531 805 585 pecudes
827 532 1081 574 mulceritur
1119 533 1343 575 Munimen
1378 534 1701 577 firmamentum

224 602 392 644 Mulcro
425 617 502 643 uas
536 602 579 644 in
613 617 698 657 quo
732 603 943 659 mulgitur
1119 605 1362 647 Munimina
1395 605 1656 648 municionis
1996 616 2029 642 2⁵

222 674 339 716 Mule
373 689 509 730 genus
542 674 816 717 calciamenti
849 677 914 716 est
1117 676 1419 719 Munusculam
1453 676 1630 719 donatio

223 745 436 788 Mulearia
467 761 572 788 uasa
604 747 648 787 in
683 747 840 801 quibus
873 746 939 788 lac
973 747 1079 787 mul·
1117 747 1377 790 Munuscula
1409 749 1521 790 dona
1553 749 1723 791 modica

283 819 402 874 gitur
1117 819 1339 862 Muratum
1383 820 1533 861 uinum
1580 835 1775 862 amarum
1820 820 1863 862 id
1908 822 1974 862 est

223 889 502 931 Mulieriosus
536 890 704 932 adulter
1178 906 1275 933 cum
1307 891 1407 933 felle
1443 892 1629 933 mixtum

222 961 413 1003 Mulsum
453 962 707 1017 mitigatum
746 962 925 1003 baccum
966 962 1078 1016 quod
1117 962 1330 1005 Murcisso
1406 967 1472 1006 est
1545 966 1768 1006 ueterator
1842 963 1975 1005 fallax

283 1033 440 1089 uulgus
474 1032 697 1075 conditum
730 1032 834 1075 <licit
1177 1034 1393 1092 (Augmst.)

224 1104 417 1147 Missitat
448 1105 697 1160 frequenter
726 1104 865 1146 mittit
1116 1106 1305 1149 Murices
1338 1110 1440 1149 sunt
1471 1109 1592 1162 petre
1624 1107 1670 1148 in
1700 1106 1828 1149 litore
1855 1106 1974 1149 simi-
1995 1120 2029 1145 30

222 1176 405 1218 Missum
432 1175 538 1218 facit
556 1190 644 1218 non
670 1179 867 1218 moratur
887 1176 1079 1218 absoluit
1178 1177 1286 1236 les1)
1331 1176 1612 1235 muricibus‘2)
1657 1179 1772 1220 uiuis
1821 1179 1976 1221 acutis-

284 1251 358 1290 aut
389 1248 547 1290 liuerat
1177 1251 1284 1292 sime
1324 1253 1369 1293 et
1407 1248 1471 1306 e3)
1510 1249 1696 1292 nauibus
1734 1249 1975 1305 perniciose

222 1319 427 1362 Mitificat
459 1319 610 1362 mitem
641 1319 747 1362 facit
1178 1337 1281 1364 arua
1314 1325 1405 1364 tam
1443 1321 1634 1363 fluminis
1668 1336 1798 1377 quam
1830 1321 1973 1376 asperi

222 1391 426 1434 Mitificat
461 1392 636 1448 mitigat
1176 1393 1346 1435 itineris
1380 1408 1483 1436 saxa
1508 1396 1558 1435 ut
1586 1394 1660 1436 ille
1687 1393 1749 1436 ait
1774 1396 1817 1435 et
1844 1395 1971 1435 acuto

221 1462 473 1505 Mitificabit
505 1463 656 1505 mitem
689 1462 792 1505 fecit
1175 1465 1338 1508 murice
1370 1465 1525 1507 remmi

187 1552 202 1576 5
222 1535 351 1576 Mitre
385 1535 676 1590 cappadorum
714 1535 866 1591 lingua
898 1534 1078 1576 octuber
1116 1537 1315 1580 Mussant
1347 1535 1549 1578 dubitant
1575 1537 1648 1578 sed
1680 1536 1725 1578 in
1755 1537 1971 1592 loquendo
2001 1578 2004 1581 .

281 1607 441 1649 mensis
475 1607 633 1649 dicitur
664 1605 742 1664 (R)
1116 1609 1315 1651 Mussant
1352 1608 1509 1650 timent
1547 1611 1708 1663 pauent
1748 1608 1817 1650 uel
1860 1624 1972 1650 mur-

220 1679 371 1721 Munia
393 1678 537 1722 officia
557 1679 788 1721 ciuitatum
808 1679 952 1720 locum
972 1677 1072 1719 belli
1175 1683 1347 1722 morant

279 1766 358 1806 pro
391 1751 539 1792 munia
570 1754 715 1806 patres
1114 1751 1290 1794 Muscus
1327 1751 1488 1808 lanugo
1527 1751 1571 1793 in
1603 1754 1733 1806 partu
1772 1751 1970 1794 similitu-

221 1822 447 1864 Muniacos
479 1822 594 1878 regis
627 1821 899 1864 consiliarius
1174 1824 1271 1865 dine
1317 1823 1473 1865 munde
1512 1826 1556 1864 et
1593 1823 1782 1866 muscosi
1826 1822 1969 1865 fontes

221 1893 446 1949 Municeps
480 1893 595 1936 ciues
629 1893 853 1949 municipii
1176 1892 1318 1951 (Isid.)

225 1965 515 2021 Municipibus
553 1965 877 2008 medicamentis
911 1965 1077 2006 adiuto-
1115 1965 1362 2008 Musinatur
1395 1967 1555 2008 mulcet
1586 1967 1731 2021 placat
1764 1966 1872 2008 lenit

282 2037 358 2078 riis
392 2034 532 2093 (Isid.)
1116 2037 1299 2079 Musitat
1324 2052 1400 2092 pre
1426 2037 1583 2080 timore
1610 2040 1853 2079 murmurat
1878 2037 1969 2079 siue
1989 2050 2024 2076 35

223 2108 444 2150 Municion
475 2111 673 2150 tenerum
711 2108 861 2164 lingua
893 2111 1075 2163 septem·
1174 2108 1346 2149 dubitat
1378 2107 1444 2164 (sle
1475 2106 1671 2164 ortlzoyr.)

281 2180 358 2222 ber
390 2180 550 2221 mensis
583 2180 742 2222 dicitur
775 2176 917 2235 (Isid.)
1114 2178 1298 2221 Musitat
1330 2182 1572 2220 murmurat
1605 2178 1670 2234 (de
1701 2178 1896 2236 orthoyr.)

223 2251 520 2294 Munificentia
551 2251 790 2293 liberalites
1114 2250 1285 2292 Musmo
1319 2253 1563 2292 monstrum
1597 2251 1736 2293 simile
1771 2251 1879 2293 sime

319 2430 352 2473 1)
380 2439 398 2462 e
424 2439 468 2463 etc
493 2427 505 2461 i
530 2430 614 2464 m.2
638 2439 729 2464 corr.
761 2429 773 2473 11
803 2429 838 2474 2)
869 2428 920 2463 bu
944 2439 970 2463 s.
997 2439 1063 2464 scr.
1090 2431 1170 2464 m.1
1200 2429 1267 2472 (cm
1293 2426 1418 2471 m..2.9)
1454 2430 1465 2473 ss
1497 2429 1533 2473 3)
1565 2438 1585 2462 e
1611 2428 1728 2464 deleta
1758 2429 1771 2473 ΙΙ

318 2587 348 2617 3.
376 2582 515 2617 mulcet
538 2586 550 2627 n
578 2588 610 2618 4.
638 2582 804 2618 Mulcera
826 2583 831 2628 Ι
853 2582 1063 2618 mulcentur
1087 2585 1098 2628 Ι]
1127 2586 1158 2619 5.
1186 2582 1375 2628 mulgetur
1399 2583 1411 2627 ΙΙ
1437 2585 1468 2618 6.
1495 2581 1734 2617 calciamenti
1759 2593 1804 2618 ex
1830 2581 1967 2617 calcia-

222 2641 357 2676 mentis
384 2654 474 2678 corr.
495 2644 506 2687 Η
534 2645 563 2677 7.
590 2642 780 2688 Mulgaria
801 2645 806 2689 Ι
829 2644 1018 2689 mulgetur
1042 2645 1054 2688 11
1080 2646 1110 2678 8.
1138 2642 1361 2677 Mulierosus
1387 2643 1399 2686 ΙΙ
1424 2643 1455 2676 9.
1483 2640 1640 2675 baccum
1665 2653 1710 2677 m.
1726 2645 1758 2685 1,
1785 2640 1969 2675 bacchum

223 2714 266 2737 m.
284 2706 304 2736 5
324 2703 336 2746 11
363 2706 416 2737 10.
443 2702 563 2736 mittit
588 2713 631 2738 ex
657 2702 796 2738 misttit
821 2713 912 2738 corr.
933 2703 944 2746 Η
972 2706 1026 2737 11.
1053 2701 1192 2736 liberat
1217 2713 1261 2738 eae
1286 2701 1421 2736 huerat
1446 2711 1537 2736 corr.
1562 2702 1574 2745 ΙΙ
1604 2703 1659 2736 14,
1685 2699 1901 2735 Mitificauit
1924 2711 1969 2736 ex

223 2760 440 2796 Mitificabit
465 2772 555 2797 corr.
582 2763 593 2806 ΙΙ
623 2765 677 2797 15.
706 2761 858 2796 october
882 2764 894 2807 ΙΙ
923 2764 978 2796 16.
1001 2760 1219 2796 'ciuitatium
1241 2764 1246 2804 l
1267 2760 1360 2796 belli
1385 2771 1450 2796 om.
1478 2761 1490 2804 ΙΙ
1521 2763 1573 2794 17.
1601 2759 1794 2794 Muniacos
1820 2770 1865 2795 eoe
1889 2759 1967 2794 Mo—

224 2820 349 2855 niacos
382 2832 472 2856 corr.
509 2823 512 2866 Ι
548 2820 782 2856 consiliarios
820 2823 832 2866 ΙΙ
871 2825 924 2856 18.
958 2820 1151 2865 Municeps
1178 2832 1221 2856 ea:
1246 2819 1441 2855 Municebs
1467 2829 1557 2854 corr.
1595 2820 1608 2863 ΙΙ
1645 2821 1701 2854 20.
1736 2817 1927 2854 Monicion
1956 2819 1968 2865 ΙΙ

224 2883 278 2914 21.
306 2879 515 2915 liberalitas
553 2882 565 2926 ΙΙ
596 2884 652 2916 22.
680 2880 872 2926 publicum
910 2882 921 2926 Η
953 2883 1008 2915 25.
1036 2879 1264 2914 Munitiones
1302 2881 1314 2925 ΙΙ
1347 2882 1404 2913 26.
1430 2877 1693 2912 Munuseulum
1729 2879 1741 2923 ΙΙ
1785 2881 1841 2914 28.
1867 2877 1966 2912 Mur-

224 2941 345 2973 ratum
378 2951 422 2975 επ
452 2939 641 2973 Mul-atum
667 2950 757 2974 corr.
788 2941 800 2985 ΙΙ
832 2944 887 2976 30.
920 2939 1071 2974 muricis
1098 2938 1196 2973 uiuis
1231 2941 1236 2983 1
1272 2940 1309 2973 ct
1340 2938 1377 2984 e]
1411 2938 1448 2973 et
1478 2949 1523 2973 eoe
1548 2939 1587 2972 et
1612 2939 1650 2972 et
1674 2949 1765 2973 corr.
1795 2941 1800 2982 Ι
1834 2936 1931 2972 muri
1961 2937 1964 2983 Ι

225 2998 354 3032 remmi
380 3010 445 3034 om.
475 3001 487 3043 11
516 3002 569 3033 32.
598 3001 832 3033 murmurant
862 3001 874 3045 ΙΙ
906 3004 960 3035 33.
989 2997 1275 3034 similitudinem
1307 2998 1406 3032 unde
1431 3009 1475 3033 ex:
1501 2996 1748 3031 similitudine
1774 2999 1797 3040 †
1829 2995 1965 3030 munde

225 3068 314 3092 corr.
353 3060 364 3102 Η
403 3061 455 3092 35.
490 3057 662 3093 timorem
702 3061 707 3103 ῃ
749 3058 904 3093 hebetat
935 3071 979 3095 em
1009 3057 1160 3093 habitat
1190 3068 1280 3092 corr.
1325 3059 1338 3102 Η
1381 3060 1436 3092 37.
1470 3055 1591 3091 simile
1625 3055 1732 3090 simie
1765 3066 1810 3090 eae
1843 3053 1964 3110 simile

226 3116 316 3151 sime
342 3128 432 3152 corr.
459 3120 470 3162 [Ι
