2175 3428
220 123 306 164 222

220 233 400 275 Melieus
439 232 555 286 poeti
596 231 836 273 carminum
878 245 959 287 que
1004 231 1074 272 ad-

222 359 225 361 .
280 305 529 346 scribuntur
561 303 615 345 ad
646 302 773 344 liram

219 376 427 417 Melotam
460 375 656 416 lanutam

220 446 531 489 Memasterion
546 449 742 488 tenerum
760 446 911 502 lingua
925 447 1075 501 aprilis

278 518 439 561 mensis
473 517 632 560 dicitur

218 590 500 633 Membratim
557 592 833 645 sequestrato
897 605 1076 645 corpore

278 663 391 705 idest
424 661 679 718 singulatim

186 751 200 775 5
220 734 347 776 Mena
378 734 491 775 iobis
531 733 622 775 filia
654 748 784 788 quam
823 734 982 789 pagani
1019 734 1077 775 di-

166 1971 200 1995 10

279 809 434 847 xerunt
461 806 584 847 deam
612 821 705 848 esse
733 821 814 861 que
842 805 1075 847 menstruis

280 877 490 919 fluoribus
525 877 696 919 feminis
728 880 874 932 preest

220 949 473 991 Mendacem
506 949 783 991 inficiatirem

221 1021 367 1063 Menia
392 1023 495 1063 sunt
521 1020 682 1062 solaria
703 1021 752 1062 cle
774 1021 1076 1062 cenaculorum

278 1093 518 1149 parietibus
540 1092 775 1134 eminentia
795 1092 910 1135 dicta
931 1108 956 1134 a
974 1107 1076 1147 quo-

279 1165 378 1207 dam
409 1179 544 1219 puero
570 1164 746 1206 nomine
773 1164 973 1206 meniano
1003 1165 1076 1219 qui

278 1251 328 1278 ea
383 1236 550 1291 primus
606 1235 775 1277 inuenit
825 1250 900 1278 aec
956 1250 1075 1278 rome

278 1323 510 1364 uxequnpocg·
541 1307 764 1362 appellant
794 1305 939 1364 (Isid.)

219 1379 382 1421 Mensis
426 1394 640 1421 nouorum
685 1379 871 1421 marcius
915 1379 1075 1421 mensis

279 1451 380 1507 quia
425 1451 526 1493 anni
570 1451 747 1492 initium
793 1450 863 1492 hic
914 1451 1075 1492 mensis

278 1526 345 1565 est
378 1524 490 1578 apud
524 1523 677 1577 ebreos
712 1520 901 1579 (Euceri)

222 1595 360 1636 Mensi
393 1595 562 1636 sextilis
604 1595 765 1636 mensis
799 1597 981 1650 agustus
1013 1594 1075 1636 1111

279 1681 449 1708 menses
471 1681 520 1708 eo
542 1669 737 1722 tempore
753 1665 960 1722 appellati
976 1669 1077 1708 sunt

279 1738 410 1780 iulius
443 1741 486 1780 et
519 1742 701 1794 agustus
735 1738 906 1793 quando
944 1737 1075 1779 iulius

279 1825 400 1852 cesar
433 1814 616 1866 agustus
648 1810 865 1865 inperium
894 1809 1076 1864 adeptus

280 1885 347 1923 est
383 1880 575 1938 (Eucerz‘)

221 1953 411 1995 Mentem
456 1955 510 1996 ab
553 1955 697 1996 animo
743 1953 909 2009 antiqui
961 1968 1078 2008 sepa-

280 2029 487 2068 rauerunt
537 2029 726 2068 mentem
769 2029 819 2067 ut
870 2025 982 2067 scias
1029 2028 1078 2066 ut

281 2098 392 2139 scias
409 2096 443 2153 ¹)
494 2098 685 2139 animum
729 2100 778 2138 ut
827 2097 953 2139 uellit
1004 2099 1079 2137 aut

279 2169 420 2224 possit
446 2169 586 2211 dicere
618 2171 843 2224 praeterea
871 2183 1078 2210 nonnum-

281 2256 411 2296 quam
436 2244 481 2282 et
507 2240 674 2282 animus
702 2254 780 2294 pro
806 2239 975 2281 uiribus
1005 2254 1077 2294 po-

279 2312 399 2354 nitur

223 2384 502 2426 Mentiriosus
521 2384 722 2426 fallacem
737 2386 812 2426 aut
826 2383 1075 2426 mendacem

319 2552 354 2597 1)
386 2550 450 2586 alt.
476 2550 520 2584 ut
545 2549 642 2586 scias
669 2550 735 2586 del.
762 2561 807 2584 m.
826 2554 845 2585 1
878 2550 890 2594 ΙΙ

676 120 933 157 EXCERPTA
957 121 1023 155 EX
1048 120 1191 155 LIBRO
1219 120 1509 156 GLOSSARVM

1113 230 1299 281 Mentita
1342 230 1429 271 tela
1474 230 1598 285 spina
1643 230 1767 285 quasi
1811 233 1966 285 pacato

1173 316 1291 344 more
1325 300 1573 357 significata

1113 373 1302 415 Mentita
1327 373 1416 415 tela
1445 388 1533 415 non
1558 388 1662 416 uera
1694 374 1768 416 sed
1793 388 1872 429 pro
1899 374 1969 416 do-

1174 446 1264 486 lum
1297 447 1425 500 capta

1114 515 1368 558 Merendare
1401 516 1580 559 meridie
1612 517 1736 559 edere
1771 515 1930 574 (Viry.)

1114 587 1231 629 Mere
1274 602 1389 644 nuge
1429 587 1659 630 manifeste
1701 588 2025 644 turpitudinem

1175 660 1266 701 siue
1299 659 1472 715 ingrate
1504 659 1671 702 macule

1115 731 1409 773 Meretricatio
1442 732 1705 774 lenocinatio
1738 732 1970 776 fornicatio

1115 803 1322 845 Meretrix
1363 802 1619 846 fornicatrix
1661 805 1856 847 adultera
1896 807 1972 847 aut

1173 874 1410 917 libidinosa

1114 946 1323 1002 Mei-gites
1362 946 1501 989 fasces
1536 947 1753 1002 spicarum
1784 948 1855 990 uel
1892 948 1971 990 lini

1114 1017 1340 1060 Meritoria
1360 1018 1456 1060 loca
1472 1021 1752 1060 tauernarum
1766 1019 1842 1061 ubi
1856 1019 1972 1061 adul-

1174 1091 1285 1132 teria
1316 1090 1651 1132 committuntur

1115 1161 1287 1204 Mensas
1337 1176 1452 1204 nunc
1495 1162 1671 1217 panifici
1720 1178 1744 1204 a
1794 1163 1972 1205 deorum
1991 1180 2026 1204 20

1173 1233 1397 1290 penatium
1430 1233 1536 1276 dicit

1114 1305 1286 1349 Mesoro
1329 1305 1605 1362 egyptiorum
1645 1306 1795 1362 lingua
1840 1306 1971 1348 iulius

1172 1377 1333 1420 mensis
1366 1377 1526 1420 dicitur
1559 1375 1636 1435 (R)

1114 1449 1304 1492 Metreos
1355 1449 1657 1491 bitiniensium
1710 1450 1862 1505 lingua
1905 1449 1972 1490 de-

1174 1521 1346 1563 cember
1378 1521 1539 1562 mensis
1574 1521 1732 1563 dicitur
1764 1518 1843 1577 (R)

1114 1593 1308 1635 Metuere
1371 1593 1612 1634 timuerunt
1675 1595 1719 1634 et
1780 1594 1972 1633 metuere

1175 1667 1320 1707 autem
1346 1664 1502 1706 timere
1528 1665 1611 1706 hoc
1640 1679 1740 1706 uere
1769 1665 1972 1705 accentus

1174 1736 1409 1792 distinguit

1114 1808 1281 1850 Milisse
1315 1808 1528 1862 amatorie

1115 1880 1275 1934 ‘Milisie
1308 1880 1442 1922 huma
1474 1879 1588 1921 toria
1620 1882 1748 1936 gesta
1990 1897 2025 1922 25

1116 1952 1321 1994 Militaris
1367 1952 1570 2007 opinator
1613 1950 1657 1992 id
1701 1954 1769 1993 est
1819 1953 1971 1992 uectus

1176 2023 1301 2066 miles

1117 2094 1290 2137 Mirices
1325 2098 1426 2137 sunt
1452 2094 1637 2136 humilia
1668 2092 1862 2149 uirgulta
1891 2107 1972 2147 que

1176 2167 1222 2208 111
1254 2166 1430 2221 aquosis
1461 2166 1569 2208 locis
1602 2168 1646 2207 et
1678 2165 1897 2207 interdum
1929 2163 1974 2205 in

1177 2237 1359 2280 desertis
1391 2240 1631 2280 nascuntur

1115 2310 1312 2352 Mirmice
1345 2309 1524 2352 formice

1115 2381 1306 2424 Mirones
1339 2380 1567 2436 phantasie
1600 2379 1830 2421 miratores

320 2698 349 2731 1.
382 2694 485 2740 poeti
511 2694 718 2730 carminum
743 2705 786 2728 m.
803 2697 835 2738 1,
871 2690 1020 2737 poetica
1046 2690 1213 2725 carmina
1237 2702 1282 2726 m.
1299 2693 1321 2724 6
1356 2690 1362 2734 Ι
1396 2687 1609 2723 scribuntur
1633 2698 1678 2722 ex
1703 2684 1968 2721 adscribuntur

222 2767 312 2790 corr.
337 2757 341 2800 Ι
363 2754 483 2799 lyram
502 2757 514 2800 ΙΙ
534 2758 564 2790 5.
592 2753 689 2788 iobis
715 2765 760 2788 m.
777 2758 808 2797 1,
835 2751 931 2786 iouis
957 2763 1001 2786 m.
1019 2754 1042 2786 6
1061 2752 1073 2795 ΙΙ
1093 2754 1123 2785 6.
1151 2749 1395 2784 infitiatorem
1415 2750 1425 2793 ΙΙ
1447 2751 1477 2783 7.
1506 2744 1760 2781 ΝΧΟΗΘΘὰΕ
1780 2746 1792 2790 ΙΙ
1812 2747 1843 2780 8.
1871 2743 1973 2789 apud

222 2827 266 2850 eas
292 2816 384 2860 aput
409 2826 499 2850 corr.
530 2814 534 2861 Ι
563 2813 743 2848 haebreos
770 2814 781 2858 ΙΙ
813 2816 844 2847 9.
872 2810 1012 2846 Mensis
1043 2810 1048 2856 Ι
1079 2809 1192 2843 iulius
1219 2821 1263 2844 m.
1279 2812 1313 2854 1,
1340 2809 1378 2843 et
1402 2806 1517 2842 iulius
1543 2818 1588 2842 m.
1614 2817 1683 2842 rec.
1706 2805 1712 2852 Ι
1739 2803 1939 2850 imperium
1962 2805 1974 2850 ΙΙ

226 2879 278 2909 10.
307 2875 576 2920 separauerunt
615 2880 620 2918 1
662 2872 758 2907 sciat
791 2874 796 2918 Ι
836 2870 931 2906 uelit
964 2872 969 2914 Ι
1009 2870 1052 2903 ut
1082 2867 1202 2913 possit
1238 2869 1250 2913 ΙΙ
1288 2871 1344 2903 11.
1376 2865 1617 2902 Mentiriosus
1642 2877 1688 2900 m.
1704 2868 1736 2909 1,
1771 2862 1972 2898 Mendosus

224 2947 267 2969 m.
285 2938 307 2969 6
349 2937 361 2979 ΙΙ
405 2938 459 2970 12.
489 2937 543 2968 13.
575 2933 641 2968 hae
675 2933 721 2977 97.
749 2932 814 2966 hoc
847 2931 975 2966 ordine
1007 2930 1050 2964 in
1080 2928 1155 2964 cod.
1184 2928 1262 2973 leq„
1292 2928 1354 2962 sed
1384 2927 1546 2962 numeris
1576 2926 1627 2960 II
1651 2925 1680 2959 I
1705 2927 1863 2968 antepos.
1896 2921 1973 2956 ord.

224 2995 350 3029 invert.
377 3006 422 3030 m.
439 2998 456 3028 1
496 2994 508 3038 ΙΙ
547 2996 601 3027 12.
626 2992 765 3037 pacata
801 2992 814 3036 ΙΙ
853 2994 906 3025 13.
932 2988 1131 3036 prodolum
1156 2998 1200 3022 6ae
1225 2985 1424 3032 prodolum
1449 2996 1540 3021 corr.
1578 2986 1590 3030 ΙΙ
1629 2987 1683 3019 14.
1710 2983 1757 3018 de
1782 2981 1833 3028 gl.
1859 2981 1935 3016 cod.
1972 2982 1974 3026 Ι

227 3056 280 3088 15.
308 3052 559 3097 turpitudines
585 3053 597 3096 ΙΙ
624 3055 678 3086 16.
705 3049 932 3085 lenecinatio
957 3051 969 3095 ΙΙ
1003 3052 1057 3084 19.
1084 3046 1301 3082 tabernaria
1326 3057 1370 3081 ωε
1395 3043 1612 3080 tauernaria
1637 3054 1728 3079 corr.
1754 3044 1766 3087 ΙΙ
1797 3044 1853 3076 20.
1881 3038 1974 3074 dicit

226 3112 418 3158 penatium
437 3113 450 3156 ΙΙ
475 3114 532 3148 21.
559 3110 783 3156 egiptiorum
804 3112 816 3156 ΙΙ
845 3114 899 3146 26,
928 3111 1036 3144 uetus
1056 3110 1068 3154 ΙΙ
