2175 3428
666 135 923 171 EXOERPTA
948 134 1014 169 EX
1039 134 1184 170 LIBRO
1212 133 1505 170 GLOSSARVM

202 246 439 302 Propalare
472 246 729 301 protendere

202 319 414 375 Propalat
446 318 701 360 manifestat

204 391 413 447 Propalat
446 390 647 446 diuulgat

204 463 491 518 Propalatum
505 465 658 504 notum
674 461 876 504 omnibus
901 460 1067 502 factum

167 551 183 574 5
204 534 526 592 Propinquauit
558 533 827 589 proximauit

203 606 508 663 Propinquant
540 606 791 661 proximant

204 679 447 735 Propinqui
463 679 565 734 quia
585 677 748 720 femina
769 677 952 718 ueniunt
967 690 1063 717 con-

264 749 492 806 sanguinei
525 750 731 792 dicuntur

203 822 482 878 Propinquus
509 821 693 878 mixt01)
727 820 938 877 sanguine
965 823 1066 875 post

263 895 490 937 adfinitate
522 894 723 950 iungitur

200 966 519 1023 Propudiosam
544 967 703 1008 rubore
725 965 1066 1020 confusione-que

262 1039 438 1095 plenam

150 1129 182 1154 10
204 1112 416 1167 Prosapia
448 1126 585 1168 genus

203 1183 416 1240 Prosapia
447 1184 679 1240 progenies

202 1255 402 1298 Prosatis
436 1255 693 1312 progenitus

204 1327 439 1371 Proscenia
465 1327 677 1370 theatalia
702 1326 904 1383 uirgilius
933 1330 976 1368 et
1000 1341 1069 1368 ue-

264 1403 379 1443 teres
410 1401 563 1443 ineunt
596 1399 824 1455 proscenia
857 1399 948 1441 ludi

205 1473 448 1516 Proselitus
482 1473 650 1515 aduena

150 1563 184 1588 15
203 1544 448 1588 Proselitus
480 1545 738 1601 peregrinus

204 1617 450 1660 Proselitus
483 1617 701 1659 transiens
729 1616 780 1657 de
807 1616 903 1672 lege
931 1615 984 1658 ad
1012 1616 1070 1657 al-

263 1693 405 1732 teram

204 1761 490 1818 Proserpiant
523 1761 770 1818 germinent

203 1833 488 1889 Proser-piant
519 1834 793 1876 inualescant

204 1905 489 1962 Proserpiant
522 1907 767 1949 increscant

150 1997 184 2021 20
204 1977 289 2021 Pro
335 1978 510 2021 sexibus
556 1978 744 2020 dualiter
794 1976 943 2032 posuit
990 1990 1068 2031 pro

265 2066 369 2094 sexu
402 2051 646 2094 masculino

204 2123 432 2166 Prosiliuit
478 2122 669 2166 resiliuit
707 2125 752 2164 et
790 2121 873 2164 hoc
913 2121 1068 2163 melius

264 2198 332 2238 est
364 2210 495 2252 quam
527 2194 751 2251 prosiliuit

203 2267 390 2310 Prosum
421 2268 683 2324 productum

204 2340 391 2383 Prosum
423 2343 592 2383 rectum

204 2412 369 2455 Pruina
401 2413 562 2456 dicitur
588 2427 702 2468 aqua
735 2412 836 2454 alba
866 2411 1069 2454 hiemalis

266 2500 349 2541 que
389 2488 489 2528 ante
533 2485 739 2528 lucanum
778 2484 895 2527 cadit
940 2499 1070 2540 super

264 2556 423 2600 herbas

152 2648 186 2673 25
204 2627 351 2671 Pruna
384 2630 596 2672 carbones
628 2628 721 2671 uiui

303 2771 338 2816 1)
369 2772 409 2806 to
435 2771 477 2806 in
502 2782 576 2807 ras.
602 2782 647 2807 m.
663 2773 688 2806 2
719 2772 730 2816 ΙΙ

1879 132 1964 175 237

1106 244 1252 287 Pruna
1285 259 1408 287 cerea
1440 243 1560 300 pomi
1592 257 1731 300 genus

1107 317 1298 359 Puberes
1330 319 1638 372 noncupantur
1671 315 1746 371 qui
1783 315 1871 357 iam
1906 314 1967 372 gi-

1168 388 1337 445 gnendi·
1389 388 1732 443 possibilitatem
1790 390 1968 430 sumunt

1166 461 1444 515 pubertatem
1483 463 1631 503 autem
1663 461 1828 517 egressi
1867 475 1967 501 mox

1166 532 1466 575 adulescentes
1500 533 1779 588 appellantur

1106 605 1350 647 Pubescere
1382 604 1658 647 iuuenescere

1106 677 1346 719 Pubescere
1381 691 1572 719 crescere

1106 749 1348 791 pubescere
1380 748 1670 791 inualesceret
1989 759 2024 784 30

1105 820 1313 863 Pubescit
1345 821 1398 862 ad
1430 821 1675 863 nubtialem
1708 821 1868 863 transit
1899 822 1969 864 he-

1166 896 1305 936 tatem

1106 966 1226 1009 Pube
1266 969 1396 1008 tenus
1435 981 1571 1022 usque
1604 966 1657 1008 ad
1695 966 1856 1022 pubem
1894 966 1969 1008 ubi

1167 1053 1295 1080 sexus
1330 1038 1575 1081 dinoscitur

1108 1111 1328 1166 Puerpera
1353 1113 1494 1153 mater
1520 1109 1643 1166 pueri
1670 1111 1812 1166 primo
1840 1114 1970 1166 partu

1167 1182 1274 1225 editi

1108 1256 1329 1311 Puerpera
1361 1255 1508 1311 puella
1538 1255 1667 1311 primi
1700 1260 1853 1312 partus

1108 1327 1327 1383 Puerpera
1359 1327 1515 1370 mulier
1549 1343 1631 1383 que
1663 1329 1806 1384 primo
1840 1333 1967 1384 partu
1991 1339 2024 1364 35

1167 1415 1351 1455 puerum
1383 1399 1500 1455 parit

1107 1472 1370 1529 Pugnatiter
1403 1472 1527 1527 quasi
1559 1473 1794 1530 pugnando
1827 1477 1877 1516 ut
1904 1478 1970 1516 est

1166 1544 1267 1586 illut
1301 1543 1551 1600 quintiliani
1593 1547 1854 1602 pugnaciter
1887 1562 1970 1603 que

1168 1617 1398 1659 dicendum

1108 1689 1273 1731 Pullati
1305 1688 1422 1745 nigri
1456 1689 1529 1746 qui
1562 1691 1609 1732 in
1641 1691 1808 1734 luctum
1840 1693 1969 1734 uesti-

1168 1761 1248 1803 bus
1280 1761 1420 1817 nigris
1454 1765 1639 1806 utuntur

1107 1833 1420 1876 Puluerulenta
1436 1835 1621 1890 puluera
1641 1836 1806 1878 habens
1827 1840 1971 1879 aestas

1107 1905 1348 1948 Puluillum
1379 1907 1647 1962 plumacium

1108 1979 1409 2032 Purulentum,
1430 1979 1655 2035 putridum
1990 1995 2025 2019 40

1108 2051 1196 2094 Pus
1230 2051 1372 2094 sanies

1107 2123 1196 2166 Pus
1229 2126 1462 2179 corruptus
1495 2125 1654 2168 humor

1109 2195 1195 2238 Pus
1231 2195 1372 2238 sanies

1109 2412 1401 2471 Quadriiugos
1447 2430 1599 2458 currus
1645 2419 1856 2472 quattuor
1906 2431 1971 2460 ro-

1169 2489 1315 2528 tarum

1111 2558 1386 2608 Quadrifidas
1420 2563 1631 2616 quattuor
1663 2561 1842 2603 fissuras
1991 2572 2026 2597 45

1112 2630 1276 2681 Qualos
1291 2647 1443 2675 corues
1459 2633 1618 2688 quibus
1640 2648 1722 2688 uue
1739 2637 1972 2689 portantur

302 2906 334 2938 8.
369 2901 607 2937 adfinitatem
637 2913 682 2937 ex
714 2900 912 2937 adfinitate
943 2914 1035 2940 corr.
1073 2906 1085 2950 Η
1124 2908 1178 2941 12.
1211 2905 1392 2942 Prosatus
1429 2909 1442 2952 u
1479 2911 1534 2943 13.
1567 2907 1729 2942 teatalia
1764 2919 1809 2943 επ
1833 2908 1971 2944 teatali

208 2974 300 2999 eoo-r.
323 2964 328 3008 1
355 2961 555 3008 proscedia
591 2963 603 3007 ΙΙ
641 2965 697 2996 24.
724 2961 944 3010 hyemalisjl
974 2963 1082 2999 erbas
1121 2967 1133 3010 ΙΙ
1170 2970 1226 3002 26,
1253 2967 1392 3002 Pruma
1427 2969 1439 3012 ΙΙ
1477 2971 1534 3003 27.
1560 2969 1852 3013 nuncupantur!
1881 2969 1971 3004 ado-

209 3021 393 3058 lescentes
420 3033 464 3058 eae
497 3021 784 3058 adholescentes
811 3033 904 3058 corr.
948 3024 961 3069 ΙΙ
1004 3027 1060 3060 30.
1087 3025 1315 3061 Pubesceret
1357 3029 1369 3073 ΙΙ
1412 3031 1468 3064 31.
1495 3026 1706 3073 nuptialem
1746 3029 1751 3073 Ι
1793 3029 1934 3064 etatem
1959 3036 1970 3077 ¹j

210 3085 267 3118 32.
294 3082 505 3117 dinuscitur
535 3083 547 3128 u
579 3086 635 3118 33.
662 3083 775 3128 partu
801 3094 846 3118 eae
871 3084 980 3128 parto
1006 3096 1098 3121 corr.
1131 3087 1143 3131 {1
1175 3090 1230 3122 36.
1257 3086 1486 3133 Pugnaciter
1508 3092 1512 3133 Ι
1543 3087 1641 3123 illud
1671 3089 1683 3134 ΙΙ
1715 3093 1771 3125 37.
1798 3088 1902 3124 lucta
1927 3101 1972 3125 ew

208 3140 356 3177 luctum
381 3154 473 3179 corr.
501 3143 513 3188 Ι]
538 3145 594 3179 46,
623 3141 764 3185 Qualos
789 3154 834 3178 m.
850 3145 883 3189 1,
911 3142 1050 3186 Quales
1074 3157 1120 3181 m.
1135 3149 1188 3190 411
