2216 3402
274 109 330 149 80

333 218 489 259 circuit
515 217 578 258 sol
601 220 644 258 613
664 230 715 257 ex
740 215 959 270 plendoris
987 215 1124 270 ipsius

333 290 521 331 transitu
552 289 613 329 ita
644 288 786 328 lucere

273 360 512 402 Lacunaria
556 361 657 401 3111113
696 374 777 413 que
816 373 985 400 camera
1029 359 1125 399 sub-

788 106 1021 142 PLACIDVS
1047 105 1177 141 LIBRI
1203 104 1493 141 GLOSSARVM

1223 215 1417 270 morique
1444 215 1641 270 relegant
1661 217 1704 256 613
1730 214 1780 256 de
1807 213 2015 256 armenbis

1224 286 1285 327 sic
1318 286 1459 327 insola
1490 286 1678 349 religant

1164 356 1353 398 Lembus
1386 358 1511 399 nauis
1543 358 1688 399 breuis
1722 355 1865 414 (Isid.)

333 435 487 488 tegunt
507 434 550 472 et
565 433 721 472 ornant
742 445 823 484 que
845 432 888 471 613
907 430 1127 484 laquearia
1166 428 1442 470 Lemniseata
1486 429 1624 471 maior
1667 429 1814 484 palma
1857 428 2016 484 gladia·
2037 440 2071 466 15

332 504 533 545 dicuntur
565 500 708 558 (Isicl.)

272 575 412 616 Lacus
453 573 696 628 exceptor-ie
735 573 781 614 111
813 588 898 627 qua
937 572 1125 614 decurrit

332 650 375 687 613
407 646 567 688 scribet
599 660 684 686 uno
719 659 741 685 6

274 718 482 759 Lamenta
532 716 715 758 dicimus
767 730 922 771 genere
972 717 1126 756 neutro

333 804 502 844 semper
540 787 680 843 purali
719 787 935 828 lamentus
982 789 1127 828 autem

333 875 487 916 genere
532 859 772 901 masculino
818 859 966 900 dieunt
1012 858 1127 899 iudei

333 935 376 973 eb
409 947 557 974 eorum
590 931 667 972 filii
701 931 874 973 cimices
906 945 993 972 non
1025 929 1127 971 lecti

333 1003 516 1058 genialis
567 1003 640 1044 sed
685 1003 919 1044 sanandam
968 1001 1128 1056 pileam

333 1075 481 1128 phitea
513 1074 638 1115 bralis
705 1073 708 1076 ’

273 1145 518 1200 Lampaene
552 1146 680 1187 stella
713 1144 886 1200 quidem
920 1145 981 1186 sic
1014 1144 1127 1185 dicte

238 1232 252 1257 5
272 1216 464 1259 Lancino
500 1220 566 1258 est
596 1217 712 1258 lanio
744 1216 993 1271 frequensser

274 1288 467 1329 Laniena
498 1289 618 1330 locus
650 1288 725 1329 ubi
753 1287 958 1329 animalia
986 1289 1127 1328 acian-

334 1363 406 1401 13111·
439 1360 580 1403 dietus
615 1376 639 1401 a
670 1360 886 1401 laniatura

275 1431 476 1473 Larunda
520 1447 648 1486 quam
691 1431 865 1486 quidam
907 1430 1026 1471 niam
1069 1428 1128 1470 di-

336 1507 440 1545 6111113

276 1575 463 1617 Laberna
506 1575 664 1630 punica
708 1589 732 1615 a
772 1574 960 1628 pellibus
1006 1572 1129 1627 quasi

335 1647 561 1689 abunculis
641 1646 891 1702 regularum
966 1644 1128 1686 adfixas

336 1719 570 1760 ostendunt

275 1789 467 1831 Latrinis
506 1790 614 1831 locis
648 1789 806 1844 quibus
844 1788 983 1829 labari
1019 1787 1129 1829 sole-

334 1861 440 1902 bant
473 1860 645 1902 sordida
677 1860 743 1917 (de
770 1858 844 1917 (sl.)

225 1950 255 1973 10
275 1932 408 1974 Latro
443 1932 792 1975 satellesdictus
825 1946 850 1973 a
881 1931 1030 1973 lateris
1063 1947 1150 1994 611--

336 2004 477 2045 stodia
510 2002 653 2060 (Isid.)

276 2075 516 2117 Laureabus
542 2076 750 2117 honorem
773 2075 1128 2130 qualemcumque

336 2147 528 2189 munitus

280 2218 442 2259 Lebaba
468 2219 554 2260 olla
587 2219 757 2274 generis
783 2217 980 2260 feminini
1008 2215 1128 2274 (Cic.)

276 2289 395 2345 Lego
425 2290 607 2331 dicimus
639 2290 851 2331 librorum
878 2289 1059 2331 dicimus
1087 2292 1129 2330 613

336 2361 433 2417 lego
472 2361 515 2402 id
554 2364 620 2402 6313
653 2361 979 2403 custodiendum
1019 2375 1129 2403 com-

338 2432 490 2473 mendo
524 2432 624 2474 hinc
651 2432 771 2475 uenit
797 2433 949 2488 delego
983 2433 1129 2488 relego

337 2503 538 2558 uirgilius
577 2504 691 2546 enim
728 2504 836 2559 phee
881 2504 1023 2559 grecie
1061 2519 1130 2545 ne-

1222 504 1367 542 torum
1405 503 1472 542 6513
1508 515 1668 542 nomen
1710 500 2018 555 productiuum

1223 586 1379 627 genere
1391 570 1423 628 1)
1456 571 1654 613 feminini
1686 569 1828 629 (Isid.)

1163 642 1396 685 Lemorum
1428 644 1651 684 luruarum
1683 641 1826 701 (Isid.)

1166 715 1354 770 Lepidus
1404 715 1549 757 mollis
1594 715 1754 757 dicitur
1797 730 1822 756 a
1871 715 2018 770 lepore

1226 787 1340 842 quod
1384 787 1544 828 animal
1597 786 1903 828 mollissimum
1953 788 2020 828 est

1224 858 1389 900 facetus
1422 873 1525 900 uero
1559 858 1632 913 qui
1664 859 1783 900 iocos
1816 860 1944 914 gestu
1976 860 2020 898 613

1225 930 1353 971 factis
1387 930 1660 971 commendab
1685 944 1711 971 a
1736 929 1934 971 faciendo
1960 929 2020 970 di-

1226 1002 1338 1043 citur
1371 999 1599 1057 (Ambros.)

1165 1072 1307 1127 Lepos
1339 1073 1566 1114 urbanitas
1599 1073 1772 1127 elegans
1800 1074 1845 1114 613
1876 1071 2022 1114 mollis

1224 1144 1306 1186 hac
1343 1144 1486 1185 faceta
1522 1144 1634 1185 unde
1678 1144 1873 1186 homines
1912 1143 2021 1185 tales

1225 1215 1446 1270 lepudium
1478 1218 1689 1257 uocantur
1721 1212 1950 1272 (Ambros.)

1167 1286 1308 1342 Lepos
1328 1286 1573 1329 iocunditas
1594 1287 1799 1342 uoluptas
1827 1276 1852 1328 a
1876 1286 2022 1341 lepore

1227 1359 1338 1413 quod
1379 1359 1538 1400 animal
1580 1358 1726 1400 mollis
1765 1359 1923 1400 simum
1955 1360 2023 1400 est

1227 1431 1338 1472 unde
1359 1433 1401 1472 eb
1422 1434 1596 1486 gratum
1617 1430 1781 1485 aliquid
1803 1430 2024 1485 lepudium

1227 1502 1410 1544 dicimus
1443 1501 1671 1559 (Ambros.)

1168 1574 1447 1631 Lestrigones
1497 1573 1579 1615 feri
1625 1573 1823 1615 homines
1867 1576 1917 1614 ut
1961 1573 2023 1614 sic

1224 1646 1345 1700 lepos
1396 1645 1531 1686 fuisse
1575 1645 1778 1687 dicuntur
1823 1660 1848 1686 a
1889 1644 2022 1699 loquo

1225 1717 1346 1771 italie
1377 1716 1524 1759 uicino
1558 1714 1624 1773 (cle
1651 1714 1726 1773 91.)

1167 1787 1326 1830 Libare
1358 1792 1424 1830 est
1463 1787 1626 1843 aliquid
1665 1788 1820 1829 leuiter
1858 1787 2023 1844 contin-

1228 1874 1329 1915 gere
1356 1863 1405 1901 1113
1432 1859 1469 1901 si
1490 1860 1586 1914 quis
1613 1859 1826 1901 inuitatus
1847 1859 1902 1901 ad
1928 1873 2024 1900 con-

1228 1932 1395 1973 uiuium
1427 1931 1496 1973 uel
1528 1934 1682 1986 potum
1713 1946 1791 1986 per
1819 1930 2024 1985 exiguum

1228 2003 1432 2058 quiddam
1470 1994 1537 2044 de'
1560 2001 1698 2058 esca2)
1737 2002 1806 2044 uel
1844 2001 2023 2056 potione

1229 2077 1374 2115 sumat
1406 2071 1522 2130 (om.)

1166 2145 1393 2187 Libassius
1425 2145 1535 2187 liber
1567 2148 1691 2200 pater
1724 2142 1839 2202 (om.)

1167 2217 1371 2259 Libentia
1394 2231 1553 2259 nomen
1578 2217 1730 2258 fictum
1751 2217 1805 2257 ab
1833 2230 1882 2257 eo
1909 2215 2024 2270 quod

1228 2289 1386 2331 dicitur
1417 2289 1525 2339 libet
1557 2285 1673 2345 (om.)

1167 2360 1395 2402 Liberauit
1426 2361 1476 2401 de
1509 2359 1720 2415 preterito
1753 2373 1830 2414 per
1860 2373 1889 2399 u
1919 2357 2023 2399 libe-

1227 2432 1342 2473 rauit
1387 2432 1437 2473 de
1487 2431 1634 2472 futuro
1684 2445 1761 2486 per
1805 2430 1831 2470 b
1876 2428 2024 2471 scribi-

1227 2506 1300 2545 tur
1331 2501 1449 2561 (om.)

376 2684 410 2724 1)
437 2691 456 2713 e
480 2684 562 2724 post
588 2692 605 2713 1·
630 2682 668 2714 in
697 2679 709 2713 i
734 2684 819 2715 911.εέ
852 2682 863 2724 ΙΙ
895 2682 931 2723 2)
958 2691 994 2713 m
1015 2684 1099 2724 post
1125 2690 1147 2714 a
1173 2691 1264 2714 eras*
1297 2682 1308 2724 ΙΙ

281 2846 488 2891 splendoris
515 2859 559 2882 eae
584 2845 773 2892 plcndoris
799 2857 889 2881 corr.
926 2847 930 2889 Ι
966 2844 1037 2891 ita]
1065 2844 1148 2890 ipsa
1178 2848 1189 2889 ΙΙ
1229 2850 1258 2880 1.
1292 2844 1446 2879 kamera
1482 2845 1493 2887 ss
1531 2848 1562 2878 3.
1597 2842 1738 2878 cimicis
1773 2845 1778 2888 Ι
1813 2842 1983 2878 sananda
2014 2842 2025 2888 Η

281 2910 312 2940 3
335 2910 365 2940 6.
398 2918 522 2952 maryo
549 2908 744 2942 abscissus:
774 2916 899 2940 nomen
925 2906 1085 2940 (lactoris
1110 2905 1203 2939 deest
1229 2906 1240 2949 Η
1266 2908 1296 2939 9.
1325 2903 1447 2938 lauari
1472 2914 1516 2938 ea:
1540 2902 1663 2937 labari
1689 2914 1779 2938 corr.
1807 2905 1818 2948 ΙΙ
1847 2906 1902 2937 11.
1928 2901 2023 2936 Lau-

283 2966 408 2999 rcatur
431 2967 434 3009 Ι
458 2965 653 3008 1η11ηἰ1311111
683 2970 736 3000 13.
763 2966 806 2999 ut
830 2964 914 3010 lego
939 2965 950 3007 ΙΙ
984 2967 1038 2998 15.
1065 2962 1253 2997 laruarum
1280 2966 1291 3008 n
1319 2967 1372 2998 17.
1400 2962 1521 2997 factus
1541 2963 1552 3006 ΙΙ
1586 2966 1640 2997 18.
1668 2961 1806 2997 facetia
1831 2972 1875 2996 ex
1899 2960 2024 2995 faceta

281 3035 371 3058 corr.
398 3027 409 3067 n
443 3029 494 3058 1⁴³.
523 3024 737 3059 iucunditas
769 3026 781 3069 ΙΙ
812 3028 867 3058 20.
902 3023 1007 3068 1ep0r
1035 3022 1039 3070 Ι
1068 3021 1150 3056 1660
1175 3023 1186 3065 ΙΙ
1217 3026 1272 3056 ⁶21.
1301 3033 1423 3057 escam
1447 3021 1579 3066 161661.
1608 3023 1683 3057 cod.
1710 3022 1721 3067 fii
1747 3025 1802 3056 22.
1830 3024 1886 3056 23.
1915 3019 2022 3055 cicer.

280 3083 355 3118 cod.
377 3085 387 3127 ΙΙ
417 3087 471 3117 24,
500 3083 596 3118 Cicer
621 3086 694 3118 rod.

2043 1587 2078 1612 20
