2175 3428
204 1767 237 1793 10

204 2338 236 2363 15

256 143 343 186 200

258 253 390 296 Feros
433 253 600 295 fructus
643 251 868 294 siluestres
911 251 1113 307 uirgilius

316 322 528 379 fructus¹)
575 338 657 378 que
696 324 810 365 feros
854 322 1005 365 molite
1048 337 1114 364 co-

317 394 487 449 1endo2')

258 467 501 523 Ferrugina
533 466 779 509 obscuritas
812 465 883 508 uel
916 466 1114 508 ferricole

258 539 524 595 Ferruginea
575 538 812 594 ferruginei
863 537 1021 580 coloris
1072 537 1134 578 id>

317 613 384 652 est
415 611 530 666 nigri

258 680 592 738 Ferruginemss)
664 682 977 723 obscuritatem
1040 683 1115 722 aut

318 753 447 795 ferrei
480 753 638 795 coloris
672 755 748 794 aut
781 752 885 794 ferri
917 766 1070 794 rasura

258 824 424 866 Fessile
464 825 603 867 subile
643 827 710 867 est
747 827 791 866 et
830 823 944 878 quod
984 822 1115 864 finda-

317 900 389 939 tur
423 897 509 939 cito

258 968 435 1010 Festino
464 969 623 1011 celebri
644 967 844 1011 sollemni
863 967 906 1008 id
928 969 994 1009 est
1019 980 1114 1008 con-

318 1040 613 1082 suetudinario

260 1111 419 1153 Fessus
447 1112 499 1154 ad
527 1111 673 1154 omnia
699 1110 886 1153 refertur
912 1109 1114 1165 Uirgilius

318 1182 421 1224 fessi
453 1198 597 1225 rerum
629 1183 811 1238 ideoque
851 1181 1113 1236 aliquotiens

317 1254 467 1309 inopes
501 1254 726 1296 sallustius
759 1253 900 1295 fessus
927 1252 972 1294 in
997 1266 1115 1307 pam·

316 1325 464 1380 phiam
498 1341 542 1368 se
580 1326 745 1381 recepit
783 1325 890 1367 alias
930 1320 1114 1379 fessus⁴)

318 1397 488 1439 consilii
520 1398 737 1440 incertum

257 1469 446 1510 Fetiales
491 1470 564 1524 qui
611 1472 711 1511 ante
756 1468 963 1510 foediales
1009 1466 1115 1509 dicti

317 1542 419 1582 sunt
468 1540 619 1582 foedus
671 1554 774 1582 uero
820 1555 844 1581 a
887 1539 1112 1581 fetialibus

319 1611 484 1654 dictum
516 1609 677 1668 (Va'ry.)

257 1682 483 1725 Fetuitum
517 1686 772 1738 generatum

256 1754 357 1796 Fiar
389 1755 554 1797 efficiar

255 1825 375 1868 Fibri
421 1841 557 1882 genus
598 1826 850 1868 animalium
888 1825 973 1880 ipsi
1013 1827 1115 1867 sunt

317 1902 359 1939 et
392 1900 582 1940 castores
617 1897 690 1952 qui
724 1896 856 1939 etiam
888 1896 1013 1952 ponti
1047 1911 1113 1938 ca-

315 1984 390 2011 nes
417 1972 629 2011 uocantur

257 2040 437 2083 Fibrina
486 2041 621 2082 uestis
673 2043 859 2082 tramam
911 2039 961 2081 de

315 2111 416 2153 lana
443 2112 609 2153 habens

1012 2038 1112 2081 fibri

713 141 968 177 EXCERPTA
996 141 1059 175 EX
1084 141 1228 177 LIBRO
1255 140 1546 177 GLOSSARVM

1212 265 1316 307 ergo
1360 251 1512 293 fictum
1557 250 1717 292 dicitur
1760 251 1874 305 quod
1915 253 2007 293 tan-

1212 326 1306 364 tum
1338 322 1431 364 ueri
1465 321 1604 364 simile
1638 324 1704 363 est

1151 393 1311 436 Fidelis
1357 394 1408 436 de
1448 407 1573 436 seruo
1611 393 1729 435 fideli
1771 393 1882 435 unde
1924 393 2008 436 hoc

1213 466 1428 508 uocabulo
1450 466 1672 508 censuitur
1691 465 1800 507 bene
1822 464 2007 508 crudelis

1214 538 1329 580 serui

1151 609 1332 651 Fidibus
1371 608 1513 651 cordis
1557 608 1663 650 fides
1708 610 1856 651 autem
1894 608 2007 651 dicte

1215 681 1329 736 quod
1361 680 1491 723 fidem
1519 679 1603 721 sibi
1635 682 1812 722 seruent
1842 694 1921 722 nec
1948 679 2008 721 al-

1214 753 1350 794 terius
1383 766 1514 794 sonos
1547 752 1774 794 imitentur

1153 824 1348 866 Fidicula
1380 823 1627 866 citharedus

1154 894 1350 938 Fidicula
1396 895 1608 937 citharam
1651 894 1821 949 antiqui
1863 894 2010 937 fidicu-

1212 968 1301 1009 lam
1320 967 1390 1009 uel
1410 966 1582 1008 fidicem
1608 966 1889 1008 nominarunt
1909 966 2010 1022 quia

1213 1043 1305 1081 tam
1350 1038 1584 1081 concinunt
1628 1038 1743 1079 inter
1788 1052 1833 1079 se
1883 1038 2010 1080 corde

1215 1110 1306 1152 eius
1332 1124 1461 1165 quam
1488 1110 1595 1151 bene
1624 1109 1871 1151 comueniat
1897 1108 2012 1151 inter

1215 1196 1323 1237 quos
1354 1181 1460 1223 fides
1494 1181 1552 1223 sit

1153 1254 1347 1297 Fidicule
1381 1253 1508 1296 corde
1542 1252 1707 1295 cithare

1154 1325 1351 1368 Fidicula
1383 1339 1520 1381 genus
1552 1327 1872 1366 tormentorum

1154 1397 1364 1439 Fiendum
1396 1396 1640 1438 faciendum

1153 1468 1308 1525 Figida
1339 1468 1429 1510 tela
1461 1482 1511 1510 eo
1539 1468 1654 1523 quod
1682 1468 1886 1510 omnibus
1919 1468 2009 1509 sint

1214 1539 1433 1582 contraria
1465 1554 1490 1581 a
1523 1539 1696 1594 figendo

1152 1611 1362 1653 Filiatum
1395 1613 1625 1652 curuatum

1153 1683 1333 1726 Finctus
1365 1682 1579 1724 formatus

1152 1754 1302 1796 Finxit
1357 1754 1594 1809 plasmauit
1646 1754 1877 1810 conposuit
1925 1754 2010 1797 for-

1212 1826 1350 1868 mabit

1151 1897 1304 1954 Fingit
1329 1897 1493 1940 format
1520 1897 1627 1938 alias
1655 1897 1791 1953 tergit
1811 1912 1963 1953 cycero
1974 1895 2008 1953 5)

1211 1969 1312 2024 paui
1341 1968 1576 2023 corripitur
1604 1971 1802 2010 mentum
1834 1968 2010 2025 sfungia

1211 2041 1436 2096 fingebant
1462 2042 1506 2081 et
1526 2054 1707 2094 corpora
1734 2039 1899 2096 fingere
1926 2040 2008 2082 1111-

1210 2126 1296 2168 gua
1327 2112 1371 2153 id
1405 2114 1472 2153 est
1504 2125 1606 2152 ursa
1637 2113 1765 2152 natos

256 2183 456 2225 Ficatum
483 2182 597 2237 quod
624 2182 741 2237 greci
767 2182 930 2224 ficoton
951 2184 1111 2224 uocant
1148 2183 1348 2225 Finitimi
1387 2183 1439 2224 ad
1483 2183 1591 2224 fines
1636 2182 1767 2224 uicini
1813 2183 2006 2225 conlimi-

256 2254 456 2297 Ficatum
487 2254 605 2295 iecur

256 2325 428 2367 Fictum
461 2325 514 2367 ad
545 2328 696 2380 poetas
729 2324 920 2379 pertinet
949 2324 1109 2379 ubique
1147 2325 1380 2368 Fiscellam
1443 2340 1520 2367 uas

315 2396 431 2438 facta
479 2411 567 2438 non
618 2399 718 2438 sunt
761 2396 863 2438 ficta
908 2395 1110 2438 dicuntur

352 2587 386 2630 1)
412 2586 494 2621 cedd.
523 2588 605 2622 m.2
624 2587 635 2630 ΙΙ
655 2587 692 2630 2)
718 2597 738 2620 0
760 2590 843 2630 post
869 2586 892 2619 d
920 2587 959 2621 in
985 2587 1037 2622 lit.
1064 2598 1108 2621 m.
1124 2610 1147 2622 Ν

1208 2257 1353 2296 tantes

1591 2324 1768 2367 niminis
1832 2325 2007 2381 gracilis

1208 2398 1371 2439 factum
1386 2395 1422 2454 6)

1130 2590 1149 2611 ·)
1169 2587 1181 2630 n
1201 2588 1237 2630 3)
1263 2585 1302 2630 gi
1331 2588 1371 2621 m
1396 2597 1467 2622 ras.
1494 2597 1538 2621 m.
1554 2589 1579 2621 2
1599 2587 1611 2630 ΙΙ
1630 2587 1667 2630 4)
1691 2596 1771 2631 sup.
1792 2596 1859 2622 scr.
1881 2597 1926 2621 m.
1941 2589 1967 2622 2
1993 2586 2005 2620 11

257 2648 291 2687 5)
319 2656 402 2679 cero
429 2657 472 2680 m.
500 2646 553 2682 lit.
579 2657 623 2680 m.
639 2650 664 2681 2
684 2646 695 2688 ΙΙ
721 2646 756 2690 6)
781 2644 813 2679 is
840 2644 982 2679 factum
1008 2646 1050 2681 in
1074 2656 1146 2681 ras.
1173 2657 1216 2680 m.
1234 2650 1257 2680 2
1283 2646 1295 2689 ΙΙ

353 2826 382 2857 1.
411 2822 548 2857 fructos
572 2826 576 2866 Ι
599 2824 698 2857 ferus
723 2825 735 2868 ss
767 2826 798 2858 2.
825 2821 997 2857 ferricule
1023 2824 1035 2867 ΙΙ
1060 2826 1092 2857 3.
1119 2821 1227 2868 nigra
1247 2825 1257 2868 Η
1281 2827 1310 2858 7.
1339 2822 1572 2868 aliquociens
1599 2825 1602 2867 Ι
1628 2822 1807 2858 salustius
1832 2824 1844 2868 n
1871 2826 1904 2859 8.
1931 2822 2006 2858 foe-

256 2880 410 2915 tialibus
448 2882 459 2926 ΙΙ
499 2885 552 2917 12.
580 2881 773 2916 Fibrinam
808 2884 812 2924 1
847 2881 973 2916 lanam
1010 2883 1022 2927 ΙΙ
1061 2886 1115 2917 13.
1143 2881 1314 2917 Ficatum
1340 2894 1385 2918 ea:
1410 2881 1539 2917 Fioato
1572 2883 1613 2917 in
1637 2883 1742 2918 scrib.
1771 2893 1862 2919 corr.
1888 2886 1970 2918 m.1
1999 2883 2004 2929 Ι

258 2940 399 2983 figoton
419 2942 430 2985 ΙΙ
457 2944 511 2976 14.
539 2940 640 2976 iecor
659 2942 670 2985 Η
699 2944 751 2975 15.
779 2941 827 2975 ad
853 2953 898 2977 ex
923 2952 946 2975 a
970 2952 1062 2977 corr.
1086 2942 1091 2987 Ι
1114 2944 1201 2975 sunt
1226 2942 1359 2986 factal}
1386 2946 1440 2977 17.
1467 2941 1585 2976 fidesa
1606 2941 1611 2988 Ι
1635 2953 1746 2977 sonus
1765 2944 1777 2987 ΙΙ
1806 2945 1860 2977 18.
1887 2941 2006 2977 citha.-

259 2998 415 3034 1·edus-s
446 3003 457 3045 ΙΙ
490 3003 543 3035 19.
573 3000 773 3035 conueniat
804 3001 816 3045 ΙΙ
848 3004 902 3035 20.
931 3000 1085 3045 cythare
1116 3003 1127 3044 ΙΙ
1160 3006 1216 3036 23.
1243 3001 1337 3036 Fida
1359 3004 1364 3045 Ι
1386 3001 1480 3047 uirg.
1507 3002 1582 3037 cod.
1609 3003 1621 3046 ΙΙ
1650 3005 1705 3036 26.
1732 3001 1939 3047 plasmauit
1962 3013 2007 3037 ex

258 3057 465 3103 plasmabit
491 3071 582 3094 corr.
623 3062 627 3103 Ι
668 3059 846 3094 formauit
871 3071 915 3095 ex
940 3059 1120 3094 formabit
1145 3071 1236 3095 corr.
1280 3064 1291 3104 Η
1335 3064 1390 3096 27.
1418 3060 1527 3106 praui
1553 3072 1597 3096 ex
1627 3060 1718 3106 paui
1748 3072 1840 3096 corr.
1882 3063 1886 3103 1
1927 3071 2005 3095 cor-

259 3127 349 3160 pore
371 3119 376 3161 1
399 3116 529 3162 linqua
560 3121 572 3163 ΙΙ
604 3122 660 3154 29.
687 3119 828 3154 factum
854 3130 920 3154 om.
947 3122 958 3163 ss

2029 1263 2064 1288 20

2030 1692 2064 1718 25
