2216 3402
931 117 1205 152 PRAEFATIO
1874 117 1940 151 XV

195 230 364 285 glossas
391 228 661 269 Placideas
689 227 792 268 libri
818 227 1083 281 glossarum:
1121 226 1231 267 hanc
1259 224 1373 267 enim
1407 225 1700 266 coniecturam
1720 240 1808 266 non
1834 226 1939 266 satis

194 300 464 341 fundamenti
501 299 660 340 habere
700 298 914 339 existimo.
959 296 1074 337 Nam
1117 296 1232 351 quod
1271 295 1442 350 saepius
1487 295 1635 336 eadem
1681 296 1828 350 glossa
1873 296 1939 336 bis

195 374 314 413 extat
359 371 453 412 loco
499 370 688 424 diverso,
731 369 850 410 velut
895 368 975 408 sub
1017 368 1210 408 Inburz'm
1249 369 1291 408 et
1329 367 1554 419 Imburim,
1598 367 1941 407 Exastemntsihus

195 445 238 483 et
275 442 678 495 Exausterantibus,
719 440 877 481 Fabz'sa
914 452 1072 491 especus
1104 441 1147 479 et
1183 438 1348 480 Fauisa
1384 451 1544 490 especus
1582 435 1653 493 (cf.
1682 437 1862 479 Caluino
1897 440 1940 478 et

195 512 381 567 Calbz'tio,
402 513 588 554 Libitina
609 514 651 553 et
666 512 871 561 Liuitina,
892 509 1062 562 cherre
1082 512 1125 550 et
1139 509 1314 562 Efferre,
1332 508 1486 550 Candis
1507 511 1550 550 et
1567 509 1766 563 Oandius,
1779 509 1942 550 Gabina

195 587 238 625 et
271 583 448 634 Camilla,
483 582 673 625 Calculae
700 585 742 623 et
768 582 986 631 Gammae,
1013 581 1098 621 alia
1125 578 1353 636 exempla),
1377 580 1418 621 id
1446 580 1571 621 facile
1602 579 1663 621 sic
1690 580 1941 635 explicatur,

195 659 243 696 ut
270 670 368 696 eum
394 653 467 709 qui
495 653 741 707 composuit
766 652 937 694 lexicon
965 652 1043 693 has
1070 652 1240 707 glossas
1275 652 1474 692 consulto
1509 651 1678 693 diverso
1706 652 1801 693 loco
1829 666 1940 693 rece-

196 726 312 780 pisse
334 729 548 780 putemus,
576 739 660 779 quo
686 725 759 779 qui
787 723 1063 766 consulerent
1091 722 1248 763 certius
1275 721 1519 763 invenirent
1541 723 1654 776 quod
1676 726 1942 777 quaererent.

197 796 471 851 Quamquam
503 811 591 838 non
624 795 799 837 omnino
831 809 999 850 negem,
1030 794 1141 835 hanc
1175 794 1241 834 vel
1274 793 1395 834 illam
1429 794 1665 848 glossam
1698 794 1942 836 Placideam

197 883 248 908 ex
281 867 496 923 glossario
530 868 715 921 petitam
747 881 840 908 esse
873 866 919 907 in
951 881 1034 920 quo
1068 867 1240 919 praeter
1280 865 1386 906 alias
1420 865 1552 905 etiam
1585 880 1746 919 paucae
1779 865 1940 907 Placi-

195 939 314 980 deae
347 939 518 994 glossae
551 937 777 980 infuerint:
811 953 886 979 cur
918 940 1065 978 tamen
1097 951 1194 977 eum
1222 936 1294 990 qui
1323 936 1567 990 composuit
1594 935 1753 977 librum
1783 937 1944 991 glossa-

195 1025 293 1051 rum
325 1011 524 1051 consulto
558 1010 641 1051 duo
675 1009 939 1064 exemplaria
977 1007 1177 1049 Placidi
1217 1007 1466 1048 adhibuisse
1497 1010 1700 1062 putemus
1732 1022 1820 1049 non
1852 1023 1943 1049 esse

196 1096 362 1123 censeo.
400 1106 447 1110 ——
486 1081 648 1122 Forma
690 1080 935 1135 glossarum
979 1094 1088 1133 quae
1133 1081 1199 1120 est
1236 1079 1281 1119 in
1324 1093 1482 1134 magno
1523 1079 1659 1120 lexico
1697 1093 1784 1119 non
1816 1079 1944 1120 modo

194 1155 426 1201 vetustate,
460 1167 609 1194 verum
636 1152 768 1193 etiam
794 1151 993 1193 bonitate
1022 1149 1275 1204 saepissime
1308 1150 1474 1191 libros
1507 1149 1765 1191 Romanos
1792 1150 1945 1191 vincit:

196 1224 364 1265 rariora
407 1227 509 1265 sunt
554 1224 772 1278 exempla,
817 1237 1080 1277 quamquam
1125 1236 1213 1262 non
1253 1221 1435 1267 dixerim
1468 1236 1583 1268 rara,
1631 1221 1788 1275 quibus
1820 1221 1946 1262 libri

194 1295 414 1336 Romani
457 1296 682 1337 meliorem
726 1295 988 1349 scripturam
1033 1292 1312 1334 servaverint.
1384 1291 1516 1333 Liber
1556 1291 1828 1343 Parisinus
1861 1293 1947 1347 ple—

194 1382 376 1421 rumque
410 1368 613 1422 congruit
645 1382 743 1408 cum
781 1366 917 1407 libro
951 1364 1420 1425 glossaruquuod
1451 1364 1661 1405 nonnulla
1692 1363 1852 1405 rectius
1885 1363 1943 1404 ibi

199 1439 433 1480 traduntur
477 1442 520 1479 et
566 1439 777 1493 quaedam
815 1437 956 1492 peiUS,
1002 1436 1093 1478 eius
1133 1436 1194 1477 rei
1234 1436 1449 1477 rationem
1488 1451 1538 1476 ex
1581 1435 1642 1477 eis
1676 1450 1783 1489 quae
1817 1450 1947 1489 supra

195 1510 376 1564 exposui
403 1510 530 1551 facile
557 1509 880 1564 perspiciemus.
937 1507 1025 1549 Vbi
1058 1507 1193 1548 liber
1227 1507 1521 1563 glossarum
1548 1522 1645 1548 cum
1679 1506 1946 1548 codicibus

194 1581 441 1622 Romanis
487 1581 697 1636 concinit,
743 1595 837 1621 eam
881 1579 1068 1620 formam
1107 1579 1226 1620 nacti
1266 1593 1414 1620 sumus
1454 1594 1584 1634 quam
1616 1577 1814 1619 homines
1848 1581 1946 1618 ante

195 1653 431 1707 septimum
464 1653 684 1694 saeculum
723 1652 935 1707 legerunt.
998 1650 1064 1691 Ex
1105 1650 1251 1691 eadem
1289 1650 1499 1691 memoria
1530 1650 1575 1690 ni
1607 1664 1785 1704 prorsus
1817 1650 1947 1690 fallor

194 1724 353 1779 pendet
390 1723 652 1779 Isidorus3
699 1723 856 1778 quibus
896 1722 1010 1763 idem
1053 1722 1216 1777 differt,
1260 1721 1312 1762 iis
1353 1722 1510 1762 merito
1545 1721 1807 1775 diffidemus,
1850 1736 1945 1762 cum

195 1795 302 1836 satis
336 1795 472 1836 libere
505 1810 602 1836 eum
634 1797 860 1836 uersatum
893 1808 986 1835 esse
1011 1794 1063 1834 'in
1097 1793 1376 1847 excerpendis
1410 1793 1662 1834 auctoribus
1695 1792 1854 1833 dudum
1887 1793 1946 1833 in-

193 1866 418 1908 tellectum
446 1867 514 1908 sit.
555 1865 637 1908 Sed
664 1868 814 1907 extant
841 1865 973 1907 etiam
1001 1865 1222 1906 alterius
1250 1863 1572 1906 recensionis
1606 1863 1804 1919 vestigia,
1839 1879 1946 1919 quae

193 1941 242 1980 ut
275 1953 300 1979 a
331 1938 468 1979 libro
508 1938 805 1993 glossarum
838 1939 881 1978 et
919 1937 1094 1978 codice
1128 1935 1389 1990 Parisino,
1427 1936 1490 1976 ita
1522 1951 1546 1977 a
1578 1936 1733 1976 libris
1766 1934 1945 1977 Roma-

190 2010 270 2051 nis
303 2010 467 2064 pariter
499 2009 668 2050 diversa
699 2008 795 2063 fuit,
829 2008 879 2049 de
913 2022 998 2062 qua
1028 2023 1142 2049 nunc
1175 2010 1340 2062 agetur.

312 2083 337 2133 ξ
371 2082 409 2122 9.
470 2080 590 2122 Inter
617 2080 833 2135 glossaria
865 2094 974 2134 quae
1001 2079 1361 2121 Placidearum
1388 2078 1634 2134 glossarum
1655 2083 1826 2133 partem
1848 2093 1945 2120 con-

194 2153 337 2194 tinent
368 2166 457 2194 non
488 2151 686 2193 infimum
719 2152 863 2193 locum
897 2150 1068 2192 obtinet
1107 2150 1241 2192 codex
1273 2149 1650 2191 Ambrosianus
1685 2149 1717 2191 C
1751 2151 1836 2191 243
1870 2150 1944 2191 inf.

196 2224 550 2265 membranaceus
581 2223 740 2264 saeculi
773 2221 811 2263 X
844 2223 911 2263 vel
946 2222 1024 2277 XI,
1058 2222 1108 2264 de
1142 2237 1226 2277 quo
1258 2222 1407 2277 paucis
1437 2222 1528 2277 egit
1554 2221 1773 2262 LOEWIVS
1794 2221 1942 2263 Prodr.

191 2310 232 2350 p.
256 2296 337 2336 177
361 2309 423 2349 sq.
486 2293 693 2335 ‘Lexicon
719 2293 895 2335 exhibet
921 2293 1106 2335 latinum
1135 2294 1250 2348 quod
1282 2293 1472 2335 medium
1505 2293 1629 2348 quasi
1660 2293 1804 2335 locum
1825 2296 1944 2334 tenet

193 2366 309 2407 inter
351 2365 567 2421 glossaria
609 2380 660 2406 ex
700 2380 845 2406 rerum
886 2364 1053 2406 ratione
1096 2368 1139 2406 et
1181 2365 1417 2407 secundum
1459 2365 1708 2406 litterarum
1750 2365 1943 2406 ordinem

196 2437 404 2479 conlecta.
469 2435 651 2478 Secutus
684 2426 897 2478 est'enim
930 2436 1004 2491 qui
1037 2438 1284 2491 composuit
1311 2436 1534 2490 alphabeti
1563 2437 1758 2478 ordinem
1790 2436 1864 2489 ita,
1896 2439 1946 2477 ut

196 2508 393 2571 singulas
425 2508 596 2548 litteras
629 2521 708 2562 pro
743 2508 861 2548 varia
898 2522 1041 2549 rerum
1084 2508 1439 2549 declarandarum
1472 2507 1616 2549 indole
1650 2509 1695 2549 in
1727 2511 1846 2549 certa
1879 2522 1943 2549 ca-

192 2579 287 2634 pita
319 2579 619 2633 distribueret,
659 2593 844 2632 quorum
882 2578 927 2619 in
958 2579 1043 2620 fine
1076 2579 1248 2634 glossae
1288 2594 1313 2620 a
1345 2579 1528 2620 materia
1561 2581 1749 2620 tractata
1781 2579 1945 2620 alienae

198 2650 443 2692 adduntun'
504 2649 573 2691 Ex
614 2649 750 2704 copiis
790 2649 1143 2691 Bobiensibus
1181 2650 1295 2692 hunc
1334 2650 1494 2691 librum
1533 2650 1578 2691 in
1611 2650 1944 2691 Ambrosianam

193 2722 442 2776 pervenisse
468 2721 696 2776 inscriptio
724 2723 913 2762 testatur
943 2721 1068 2763 haec:
1102 2721 1251 2763 ‘Hunc
1278 2722 1469 2763 codicem
1498 2722 1570 2776 qui
1598 2736 1649 2763 ex
1668 2721 1945 2762 Bibliotheca

193 2792 323 2834 Bobii
356 2807 390 2833 a.
425 2790 464 2833 S.
499 2790 770 2834 Oolumbano
803 2793 1008 2834 instituta
1040 2793 1219 2847 prodiit,
1252 2793 1557 2834 Illustrissimo
1591 2795 1635 2833 et
1667 2792 1945 2834 Reverendis-

193 2864 304 2905 simo
348 2862 470 2905 Card.
509 2863 716 2905 Federico
759 2864 1057 2906 Borrhomaeo
1099 2864 1146 2905 B.
1191 2863 1336 2906 Caroli
1375 2864 1580 2918 patrueli,
1621 2863 1723 2904 dum
1762 2864 1944 2905 Ambro-

198 2934 366 2977 sianam
409 2935 732 2977 Bibliothecam
780 2935 1032 2977 institueret
1083 2937 1126 2976 et
1169 2935 1488 2989 manuscriptos
1540 2934 1706 2976 codices
1756 2935 1944 2989 undique

198 3006 492 3061 conquireret,
523 3006 863 3061 Religiosissimi
889 3006 1042 3048 Patres
1071 3006 1169 3048 Ord.
1200 3005 1239 3047 S.
1267 3006 1491 3047 Benedicti
1518 3005 1741 3048 simillimo
1768 3021 1944 3047 munere

194 3077 344 3120 donati
377 3077 691 3119 humanissime
725 3078 997 3119 tradiderunt
1029 3092 1054 3118 a
1089 3077 1230 3118 1606?
1294 3075 1374 3118 Cui
1412 3077 1627 3132 glossario
1667 3078 1798 3118 etiam
1832 3077 1943 3118 Pla-
