2216 3402
921 120 1196 156 PRAEFATIO
1790 121 1943 155 XXXIII

194 229 382 271 Traiecti
415 230 468 271 ad
501 229 701 271 Rhenum
734 243 769 269 a.
795 228 906 270 1698
941 229 1094 269 edidit:
1129 229 1249 270 cuius
1277 229 1327 269 de
1359 243 1490 283 opera
1516 231 1567 270 cf.
1589 243 1697 283 quae
1726 229 1942 271 Lonwlvs

193 300 342 342 Prodr.
361 316 401 355 p.
423 301 478 342 29
501 300 713 354 exposuit.
755 298 890 340 Porro
918 299 1205 341 THEononvs
1227 299 1505 341 IANssomvs
1533 311 1591 340 AB
1613 298 1942 342 ALMELOVEEN

194 372 236 413 in
287 387 400 413 nova
443 370 500 412 M.
545 370 772 412 MARTINII
816 369 964 411 Lexici
1014 370 1270 426 philologici
1318 370 1506 412 editione
1552 386 1587 411 a.
1624 372 1731 412 1701
1788 371 1946 412 emissa

195 442 459 484 ‘auctarium
499 442 745 498 glossarum
782 440 962 483 Isidori'
995 442 1153 483 adiecit
1189 467 1235 470 —
1280 445 1380 483 sunt
1413 442 1468 483 96
1507 457 1643 484 novae
1683 442 1856 498 glossae
1893 467 1939 471 —

195 528 300 568 quas
333 529 384 555 ex
417 513 589 555 ‘Isidori
622 513 781 569 glossis
816 527 946 554 manu
979 513 1155 567 seriptis
1187 508 1331 554 PETRI
1359 516 1401 554 et
1434 513 1686 555 FRANC1sc1
1715 513 1945 556 ΡΙΤΗΟΕΟ-

196 585 311 627 RVM⁷
351 585 438 626 iam
469 600 493 625 a
528 584 781 626 SAVARONE
822 584 874 625 ad
909 583 1054 626 Sidon.
1086 583 1232 639 Apoll.
1266 584 1474 625 adhibitis
1508 584 1682 626 fluxisse
1727 584 1947 626 LOEWIVS

194 671 233 711 p.
256 657 312 698 34
340 655 666 698 demonstravit.
706 655 902 710 Denique
929 655 1182 697 AREVALVS
1210 656 1255 696 in
1281 655 1469 697 editione
1496 655 1689 697 Isidori
1725 659 1845 698 tomo
1862 655 1946 697 VlI

193 727 272 768 has
306 727 477 783 glossas
510 727 726 783 repetivit.
788 727 853 768 De
885 727 991 769 viris
1025 727 1163 769 doctis
1197 727 1271 781 qui
1305 727 1625 768 coniecturis
1663 727 1742 769 has
1775 727 1945 783 glossas

195 813 346 840 sanare
380 799 641 841 studuerunt
674 798 725 841 cf.
759 813 868 854 quae
901 799 1121 841 LOEWIVS
1154 799 1180 839 l.
1209 813 1239 839 8.
1267 813 1298 840 8.
1333 799 1588 853 composuit.

315 869 447 912 Cuius
481 871 652 926 generis
691 873 837 912 essent
868 870 949 911 hae
982 871 1172 925 glossae,
1212 885 1263 911 ex
1295 870 1438 911 verbis
1472 868 1703 911 VVLCANII
1742 874 1946 912 notarum

193 957 233 996 p.
254 942 308 983 91
338 941 502 996 optime
530 942 636 984 disci
664 942 832 997 potuit:
866 941 1053 996 ‘praeter
1079 942 1214 983 libros
1243 941 1473 996 originum,
1501 955 1608 996 quos
1636 941 1742 982 olim
1769 942 1944 996 scripsit

194 1013 387 1054 Isidorus
431 1013 704 1068 Hispalensis
746 1013 1010 1068 Episcopus,
1052 1012 1418 1055 circumferuntur
1450 1013 1581 1053 etiam
1623 1013 1815 1068 glossae,
1852 1015 1945 1053 tum

194 1085 350 1140 ipsius,
389 1087 481 1126 tum
516 1084 720 1140 aliorum,
754 1085 912 1140 quibus
945 1087 1092 1126 tamen
1124 1084 1321 1126 authoris
1355 1084 1422 1125 sui
1463 1099 1622 1125 nomen
1659 1099 1747 1125 non
1780 1087 1846 1124 est
1878 1084 1946 1124 ad-

196 1157 419 1211 scriptum.
470 1156 558 1198 Eas
592 1171 741 1198 omnes
776 1159 993 1211 quotquot
1024 1156 1217 1198 nancisci
1250 1156 1375 1211 potui
1402 1155 1571 1211 collegi,
1598 1159 1641 1197 et
1671 1170 1759 1197 non
1786 1170 1946 1210 paucas

194 1243 245 1269 ex
295 1227 532 1283 exemplari
578 1229 698 1270 cuius
745 1228 852 1269 mihi
898 1229 1068 1283 copiam
1111 1229 1216 1270 fecit
1260 1228 1324 1268 Ill.
1364 1226 1444 1269 Vir
1489 1227 1699 1282 Iosephus
1753 1226 1948 1282 Scaliger

194 1300 447 1342 emendavi’.
485 1299 652 1341 Revera
674 1299 906 1341 VVLCANII
929 1300 1163 1342 editionem
1184 1315 1235 1341 ex
1260 1299 1368 1354 ipsis
1391 1299 1645 1341 SCALIGERI
1671 1298 1946 1340 collectaneis

193 1371 378 1426 pendere
410 1371 537 1413 facile
565 1372 854 1413 demonstrari
886 1374 1045 1426 potest,
1079 1387 1176 1413 cum
1203 1372 1380 1412 illorum
1408 1371 1773 1413 collectaneorum
1800 1370 1947 1411 etiam-

193 1457 307 1484 nunc
359 1443 583 1498 complura
633 1443 897 1498 exemplaria
949 1446 1132 1485 exstent.
1197 1441 1307 1484 Sunt
1352 1445 1498 1484 autem
1548 1442 1672 1484 haec:
1727 1440 1770 1498 1)
1816 1442 1947 1483 codex

193 1513 464 1556 Leidensis
512 1513 765 1557 SCALIGERI
805 1516 881 1570 61,
926 1515 999 1570 qui
1042 1515 1088 1556 in
1128 1514 1247 1556 foliis
1284 1515 1505 1556 4sss—641
1544 1514 1713 1570 glossas
1747 1513 1946 1554 ‘Isidori’

195 1585 389 1627 continet
431 1584 684 1629 SCALIGERI
729 1601 859 1628 manu
905 1586 1092 1641 scriptas
1133 1586 1216 1628 hoc
1261 1585 1409 1628 titulo:
1460 1587 1584 1627 Liber
1623 1587 1858 1639 ylossarmn
1901 1599 1949 1627 (³oe

193 1659 329 1700 uariis
374 1659 590 1712 ylossariis
638 1659 834 1700 collectus.
870 1683 922 1687 —
977 1658 1021 1714 2)
1063 1657 1208 1700 Codex
1246 1658 1660 1713 Hamburgensis
1698 1657 1759 1698 IX
1804 1655 1948 1713 (catal.

193 1744 234 1784 p.
263 1726 366 1786 117)
411 1729 484 1785 qui
524 1729 737 1771 ‘librum
781 1725 1076 1786 glossarum
1116 1729 1310 1771 Isidori
1353 1745 1410 1771 ex
1451 1745 1535 1770 ms.
1582 1728 1790 1783 Iosephi
1835 1727 1950 1770 Sca-

194 1800 374 1856 ligeri'
409 1801 616 1856 continet,
650 1802 861 1856 scriptum
889 1816 1019 1843 manu
1052 1801 1315 1843 ‘FRIDERICI
1343 1800 1720 1855 LINDENBROGII’,
1752 1799 1788 1841 si
1820 1800 1949 1840 fidem

194 1871 405 1914 habemus
438 1873 500 1914 eis
533 1888 642 1928 quae
675 1874 720 1914 in
757 1873 1060 1929 integumento
1094 1873 1311 1929 leguntur.
1376 1871 1493 1922 Quae
1527 1887 1578 1914 ex
1610 1873 1692 1914 hoc
1735 1872 1848 1913 libro
1883 1886 1949 1913 ex-

194 1945 352 1999 cerpsi,
385 1945 555 2000 glossas
590 1960 641 1986 ex
676 1945 820 1987 codice
849 1944 1092 1986 Leidensi
1124 1960 1212 1986 non
1246 1960 1339 1986 0830
1368 1945 1607 2000 descriptas
1635 1944 1949 1985 demonstrant.

195 2014 259 2058 Cf.
293 2031 401 2071 quae
433 2015 823 2058 LINDENBROGIVS
856 2016 901 2058 in
934 2016 1169 2072 appendice
1203 2016 1333 2072 Verg.
1365 2032 1405 2071 p.
1427 2017 1514 2058 334
1547 2016 1674 2057 dixit:
1708 2015 1774 2057 “m
1802 2016 1950 2070 ylossis

194 2087 353 2130 Isidori
395 2103 499 2142 quas
542 2089 646 2130 mihi
688 2090 800 2130 dedit
840 2102 1026 2131 summus
1063 2090 1128 2131 vir
1164 2092 1202 2130 et
1236 2090 1337 2130 meis
1380 2089 1521 2143 eloyz'is
1565 2089 1712 2141 maior,
1753 2087 1951 2141 Iosephus

197 2158 392 2214 Sealiyer.
440 2158 643 2202 Ceterum
676 2160 1000 2203 accuratissime
1035 2161 1236 2216 congruit
1269 2160 1352 2201 hoc
1391 2160 1610 2215 exemplar
1643 2174 1742 2201 cum
1775 2159 1950 2201 codice

195 2231 504 2287 Havniensi,
542 2232 593 2273 de
633 2247 717 2286 quo
758 2247 809 2273 ex
846 2232 954 2274 meis
994 2232 1208 2287 excerptis
1247 2232 1457 2273 nonnulla
1496 2231 1697 2286 exposuit
1733 2230 1950 2273 LOEWIVS

195 2301 345 2344 Prodr.
383 2303 517 2358 praef.
556 2319 595 2358 p.
622 2303 680 2344 X:
726 2303 832 2344 item
877 2319 975 2345 cum
1022 2305 1111 2346 cod.
1148 2304 1388 2359 Hamburg.
1415 2301 1458 2344 Π
1505 2302 1659 2358 (Catal.
1694 2318 1734 2357 p.
1764 2301 1868 2359 118)
1907 2303 1952 2344 in

194 2373 268 2415 fo].
302 2374 476 2417 1—38.
520 2400 575 2403 —
621 2373 666 2430 3)
716 2373 860 2417 Codex
907 2375 1197 2418 Vaticanus
1246 2375 1476 2431 Reginae
1519 2374 1819 2416 Christinae
1864 2375 1949 2416 227

198 2444 321 2502 (olim
358 2444 490 2501 1891)
525 2446 686 2488 saeculi
717 2446 822 2487 XVI
856 2444 963 2503 (non
989 2447 1083 2503 XV,
1114 2451 1164 2489 ut
1197 2447 1302 2489 dicit
1332 2447 1585 2488 AREVALVS
1619 2446 1664 2487 in
1698 2446 1950 2487 Isidorianis

194 2532 234 2572 p.
257 2515 380 2574 306),
410 2518 455 2559 in
481 2533 565 2572 quo
592 2518 765 2559 eaedem
792 2518 963 2574 glossae
991 2520 1198 2576 leguntur
1219 2522 1262 2560 et
1289 2519 1352 2560 ita
1380 2518 1554 2573 quidem
1582 2522 1876 2573 comparatae,
1903 2521 1952 2559 ut

195 2590 268 2631 vix
305 2590 476 2645 possint
514 2605 564 2631 ex
610 2590 722 2631 libro
763 2589 1006 2632 Leidensi
1045 2591 1232 2633 fluxisse.
1294 2590 1355 2632 Hi
1400 2591 1483 2632 duo
1523 2590 1711 2645 codices,
1752 2590 1804 2630 ad
1844 2604 1950 2644 quos

196 2660 431 2704 VVLCANII
470 2662 604 2703 codex
647 2676 782 2716 prope
828 2663 1028 2704 accedere
1069 2662 1257 2718 videtur,
1295 2661 1561 2717 propriam
1601 2662 1820 2703 classem
1864 2660 1952 2701 effi·

197 2733 318 2774 ciunt
352 2731 423 2790 (cf.
457 2747 598 2774 meam
631 2730 861 2775 cOmment.
893 2749 934 2789 p.
956 2731 1075 2790 225).
1105 2759 1156 2763 -—
1191 2733 1421 2775 Praeterea
1455 2732 1858 2775 commemorandus
1887 2734 1965 2773 est'

197 2805 332 2846 codex
363 2802 826 2860 Cantabrigiensis
859 2805 1006 2861 (Vniv.
1034 2806 1149 2847 Libr.
1175 2805 1233 2846 LI
1265 2805 1285 2846 I
1317 2803 1364 2860 2)
1399 2804 1559 2846 saeculi
1588 2803 1713 2845 XVII
1747 2817 1844 2844 cum
1871 2803 1952 2844 hac

197 2876 501 2930 inscriptione:
541 2877 699 2919 Isidori
736 2877 1003 2930 Hispalensis
1036 2877 1287 2931 ylossarz'um
1331 2877 1480 2930 incipit
1513 2876 1699 2928 feliciter.
1757 2875 1807 2916 In
1844 2874 1951 2917 folio

198 2947 340 3002 primo
372 2947 480 2991 haec
517 2948 743 3004 leguntur:
781 2948 939 2991 Isidori
972 2950 1131 3003 ylossae
1161 2949 1288 2990 multo
1320 2948 1542 3001 ampliores
1569 2948 1672 3001 qum
1702 2950 1739 2988 et
1768 2948 1954 2989 meliores

199 3033 325 3073 quam
351 3033 454 3073 quae
478 3023 576 3062 sunt
599 3021 729 3062 editae
748 3021 864 3074 apud
879 3019 921 3062 S.
944 3020 1190 3063 Gervasium
1215 3034 1283 3061 cm.
1297 3023 1410 3062 1602
1430 3033 1505 3072 per
1522 3019 1686 3061 Eustat.
1713 3019 1747 3060 Ze
1775 3014 1953 3074 Viynon':

202 3078 316 3132 unde
356 3094 537 3146 apparet
574 3092 657 3134 hoc
689 3091 911 3146 exemplar
948 3095 1050 3146 post
1083 3091 1396 3134 GOTHOFREDI
1435 3090 1669 3133 editionem
1709 3091 1954 3133 confectum

273 3166 361 3198 Corp.
382 3167 473 3199 gloss.
493 3168 546 3193 lat.
569 3170 637 3193 tom.
657 3168 693 3193 V.
1317 3184 1325 3186 —
1648 3172 1666 3194 C
