<?xml version="1.0" encoding="UTF-8"?>
<!DOCTYPE html PUBLIC "-//W3C//DTD XHTML 1.0 Transitional//EN"
    "http://www.w3.org/TR/xhtml1/DTD/xhtml1-transitional.dtd">
<html xmlns="http://www.w3.org/1999/xhtml" xml:lang="en" lang="en">
 <head>
  <title>
</title>
<meta http-equiv="Content-Type" content="text/html;charset=utf-8" />
  <meta name='ocr-system' content='tesseract 3.04.00' />
  <meta name='ocr-capabilities' content='ocr_page ocr_carea ocr_par ocr_line ocrx_word'/>
</head>
<body>
  <div class='ocr_page' id='page_1' title='image "./corpusglossarior05linduoft/corpusglossarior05linduoft_0695.png"; bbox 0 0 2221 3490; ppageno 0'>
   <div class='ocr_carea' id='block_1_1' title="bbox 793 122 1977 163">
    <p class='ocr_par' dir='ltr' id='par_1_1' title="bbox 793 122 1977 163">
     <span class='ocr_line' id='line_1_1' title="bbox 793 122 1977 163; baseline 0.001 -1"><span class='ocrx_word' id='word_1_1' title='bbox 793 126 1008 163; x_wconf 86' lang='lat' dir='ltr'>GLOSSAE</span> <span class='ocrx_word' id='word_1_2' title='bbox 1034 124 1405 161; x_wconf 82' lang='lat' dir='ltr'>IVVENALIANAE</span> <span class='ocrx_word' id='word_1_3' title='bbox 1893 122 1977 163; x_wconf 75' lang='grc'>653</span> 
     </span>
    </p>
   </div>
   <div class='ocr_carea' id='block_1_2' title="bbox 225 228 1980 440">
    <p class='ocr_par' dir='ltr' id='par_1_2' title="bbox 225 228 1980 440">
     <span class='ocr_line' id='line_1_2' title="bbox 225 228 1979 289; baseline -0.005 -9"><span class='ocrx_word' id='word_1_4' title='bbox 225 238 381 281; x_wconf 84' lang='lat' dir='ltr'>Micale</span> <span class='ocrx_word' id='word_1_5' title='bbox 414 238 457 279; x_wconf 91' lang='lat' dir='ltr'>id</span> <span class='ocrx_word' id='word_1_6' title='bbox 489 239 556 279; x_wconf 90' lang='lat' dir='ltr'>est</span> <span class='ocrx_word' id='word_1_7' title='bbox 588 236 783 278; x_wconf 89' lang='lat' dir='ltr'>adultere</span> <span class='ocrx_word' id='word_1_8' title='bbox 844 251 848 256; x_wconf 94' lang='lat'>·</span> <span class='ocrx_word' id='word_1_9' title='bbox 1123 232 1365 276; x_wconf 84' lang='lat' dir='ltr'>Cocohetes</span> <span class='ocrx_word' id='word_1_10' title='bbox 1399 247 1500 289; x_wconf 81' lang='lat' dir='ltr'>grec</span> <span class='ocrx_word' id='word_1_11' title='bbox 1534 230 1640 289; x_wconf 74' lang='lat' dir='ltr'>(una</span> <span class='ocrx_word' id='word_1_12' title='bbox 1673 231 1809 273; x_wconf 69' lang='lat' dir='ltr'>littera</span> <span class='ocrx_word' id='word_1_13' title='bbox 1834 228 1979 286; x_wconf 74' lang='lat' dir='ltr'>deleta)</span> 
     </span>
     <span class='ocr_line' id='line_1_3' title="bbox 225 305 1463 364; baseline -0.006 -12"><span class='ocrx_word' id='word_1_14' title='bbox 225 310 462 352; x_wconf 84' lang='lat' dir='ltr'>Millesima</span> <span class='ocrx_word' id='word_1_15' title='bbox 491 308 653 364; x_wconf 82' lang='lat' dir='ltr'>pagina</span> <span class='ocrx_word' id='word_1_16' title='bbox 680 321 840 363; x_wconf 83' lang='lat' dir='ltr'>magna</span> <span class='ocrx_word' id='word_1_17' title='bbox 866 307 1085 361; x_wconf 88' lang='lat' dir='ltr'>scriptura</span> <span class='ocrx_word' id='word_1_18' title='bbox 1183 305 1287 346; x_wconf 89' lang='lat' dir='ltr'>mali</span> <span class='ocrx_word' id='word_1_19' title='bbox 1321 319 1463 346; x_wconf 90' lang='lat' dir='ltr'>mores</span> 
     </span>
     <span class='ocr_line' id='line_1_4' title="bbox 225 373 1980 440; baseline -0.005 -17"><span class='ocrx_word' id='word_1_20' title='bbox 225 381 454 423; x_wconf 86' lang='lat' dir='ltr'>Monichus</span> <span class='ocrx_word' id='word_1_21' title='bbox 488 383 720 422; x_wconf 71' lang='lat' dir='ltr'>centaurus</span> <span class='ocrx_word' id='word_1_22' title='bbox 1124 376 1334 419; x_wconf 85' lang='lat' dir='ltr'>Calenum</span> <span class='ocrx_word' id='word_1_23' title='bbox 1366 376 1517 418; x_wconf 90' lang='lat' dir='ltr'>uinum</span> <span class='ocrx_word' id='word_1_24' title='bbox 1545 377 1598 417; x_wconf 86' lang='lat' dir='ltr'>ab</span> <span class='ocrx_word' id='word_1_25' title='bbox 1627 375 1787 440; x_wconf 82' lang='lat' dir='ltr'>oppido</span> <span class='ocrx_word' id='word_1_26' title='bbox 1816 373 1980 416; x_wconf 85' lang='lat' dir='ltr'>calibos</span> 
     </span>
    </p>
   </div>
   <div class='ocr_carea' id='block_1_3' title="bbox 230 445 1981 507">
    <p class='ocr_par' dir='ltr' id='par_1_3' title="bbox 230 445 1981 507">
     <span class='ocr_line' id='line_1_5' title="bbox 230 445 1981 507; baseline -0.005 -14"><span class='ocrx_word' id='word_1_27' title='bbox 230 452 406 494; x_wconf 86' lang='lat' dir='ltr'>Mucida</span> <span class='ocrx_word' id='word_1_28' title='bbox 455 451 619 493; x_wconf 85' lang='lat' dir='ltr'>frustra</span> <span class='ocrx_word' id='word_1_29' title='bbox 674 449 795 507; x_wconf 78' lang='lat' dir='ltr'>(corr.</span> <span class='ocrx_word' id='word_1_30' title='bbox 830 448 991 506; x_wconf 83' lang='lat' dir='ltr'>frusta)</span> <span class='ocrx_word' id='word_1_31' title='bbox 1041 450 1085 490; x_wconf 92' lang='lat' dir='ltr'>id</span> <span class='ocrx_word' id='word_1_32' title='bbox 1125 447 1382 490; x_wconf 84' lang='lat' dir='ltr'>Cammarus</span> <span class='ocrx_word' id='word_1_33' title='bbox 1403 448 1548 502; x_wconf 83' lang='lat' dir='ltr'><strong>piscus</strong></span> <span class='ocrx_word' id='word_1_34' title='bbox 1569 447 1784 502; x_wconf 87' lang='lat' dir='ltr'>pessimus</span> <span class='ocrx_word' id='word_1_35' title='bbox 1801 445 1981 501; x_wconf 80' lang='lat' dir='ltr'>exiguus</span> 
     </span>
    </p>
   </div>
   <div class='ocr_carea' id='block_1_4' title="bbox 189 515 2039 863">
    <p class='ocr_par' dir='ltr' id='par_1_4' title="bbox 189 515 2039 863">
     <span class='ocr_line' id='line_1_6' title="bbox 286 515 1932 578; baseline -0.005 -13"><span class='ocrx_word' id='word_1_36' title='bbox 286 527 353 566; x_wconf 90' lang='lat' dir='ltr'>est</span> <span class='ocrx_word' id='word_1_37' title='bbox 385 526 532 578; x_wconf 87' lang='lat' dir='ltr'>partes</span> <span class='ocrx_word' id='word_1_38' title='bbox 1126 519 1330 574; x_wconf 85' lang='lat' dir='ltr'>Canopus</span> <span class='ocrx_word' id='word_1_39' title='bbox 1362 519 1484 560; x_wconf 85' lang='lat' dir='ltr'>locus</span> <span class='ocrx_word' id='word_1_40' title='bbox 1518 533 1724 560; x_wconf 89' lang='lat' dir='ltr'>amoenus</span> <span class='ocrx_word' id='word_1_41' title='bbox 1757 515 1932 572; x_wconf 80' lang='lat' dir='ltr'>aegypti</span> 
     </span>
     <span class='ocr_line' id='line_1_7' title="bbox 189 589 2039 651; baseline -0.004 -14"><span class='ocrx_word' id='word_1_42' title='bbox 189 608 205 632; x_wconf 86' lang='lat'><strong>5</strong></span> <span class='ocrx_word' id='word_1_43' title='bbox 226 595 422 637; x_wconf 89' lang='lat' dir='ltr'>Multitia</span> <span class='ocrx_word' id='word_1_44' title='bbox 454 609 591 651; x_wconf 82' lang='lat' dir='ltr'>genus</span> <span class='ocrx_word' id='word_1_45' title='bbox 623 594 760 636; x_wconf 85' lang='lat' dir='ltr'>uestis</span> <span class='ocrx_word' id='word_1_46' title='bbox 792 594 993 648; x_wconf 88' lang='lat' dir='ltr'>pluribus</span> <span class='ocrx_word' id='word_1_47' title='bbox 1021 608 1086 635; x_wconf 92' lang='lat' dir='ltr'>co-</span> <span class='ocrx_word' id='word_1_48' title='bbox 1127 589 1306 645; x_wconf 84' lang='lat' dir='ltr'>Capella</span> <span class='ocrx_word' id='word_1_49' title='bbox 1338 605 1474 646; x_wconf 86' lang='lat' dir='ltr'>genus</span> <span class='ocrx_word' id='word_1_50' title='bbox 1508 590 1584 631; x_wconf 89' lang='lat' dir='ltr'>teli</span> <span class='ocrx_word' id='word_1_51' title='bbox 1619 593 1684 631; x_wconf 90' lang='lat' dir='ltr'>est</span> <span class='ocrx_word' id='word_1_52' title='bbox 2003 598 2039 622; x_wconf 77' lang='lat'>30</span> 
     </span>
     <span class='ocr_line' id='line_1_8' title="bbox 286 660 1986 717; baseline -0.005 -9"><span class='ocrx_word' id='word_1_53' title='bbox 286 667 452 709; x_wconf 91' lang='lat' dir='ltr'>loribus</span> <span class='ocrx_word' id='word_1_54' title='bbox 487 666 685 709; x_wconf 87' lang='lat' dir='ltr'>confecta</span> <span class='ocrx_word' id='word_1_55' title='bbox 1127 660 1302 717; x_wconf 84' lang='lat' dir='ltr'>Capena</span> <span class='ocrx_word' id='word_1_56' title='bbox 1350 664 1479 716; x_wconf 87' lang='lat' dir='ltr'>porta</span> <span class='ocrx_word' id='word_1_57' title='bbox 1528 676 1605 716; x_wconf 91' lang='lat' dir='ltr'>per</span> <span class='ocrx_word' id='word_1_58' title='bbox 1651 675 1779 715; x_wconf 85' lang='lat' dir='ltr'>quam</span> <span class='ocrx_word' id='word_1_59' title='bbox 1832 673 1986 714; x_wconf 85' lang='lat' dir='ltr'>aquae-</span> 
     </span>
     <span class='ocr_line' id='line_1_9' title="bbox 226 733 1537 793; baseline -0.005 -13"><span class='ocrx_word' id='word_1_60' title='bbox 226 738 444 780; x_wconf 85' lang='lat' dir='ltr'>Mustacia</span> <span class='ocrx_word' id='word_1_61' title='bbox 484 752 593 792; x_wconf 88' lang='lat' dir='ltr'>quae</span> <span class='ocrx_word' id='word_1_62' title='bbox 635 740 805 779; x_wconf 86' lang='lat' dir='ltr'>ueteres</span> <span class='ocrx_word' id='word_1_63' title='bbox 846 737 1088 793; x_wconf 70' lang='lat' dir='ltr'>erogabant</span> <span class='ocrx_word' id='word_1_64' title='bbox 1187 733 1341 775; x_wconf 84' lang='lat' dir='ltr'>ductus</span> <span class='ocrx_word' id='word_1_65' title='bbox 1375 733 1537 774; x_wconf 86' lang='lat' dir='ltr'>transit</span> 
     </span>
     <span class='ocr_line' id='line_1_10' title="bbox 285 800 1988 863; baseline -0.004 -13"><span class='ocrx_word' id='word_1_66' title='bbox 285 810 331 851; x_wconf 90' lang='lat' dir='ltr'>in</span> <span class='ocrx_word' id='word_1_67' title='bbox 362 807 530 863; x_wconf 79' lang='lat' dir='ltr'>nuptiis</span> <span class='ocrx_word' id='word_1_68' title='bbox 1128 803 1310 846; x_wconf 81' lang='lat' dir='ltr'>Caththi</span> <span class='ocrx_word' id='word_1_69' title='bbox 1343 802 1493 861; x_wconf 77' lang='lat' dir='ltr'>(deleta</span> <span class='ocrx_word' id='word_1_70' title='bbox 1505 806 1648 858; x_wconf 73' lang='lat' dir='ltr'>priore</span> <span class='ocrx_word' id='word_1_71' title='bbox 1668 805 1749 846; x_wconf 82' lang='lat' dir='ltr'>loeo</span> <span class='ocrx_word' id='word_1_72' title='bbox 1774 804 1804 844; x_wconf 84' lang='lat' dir='ltr'>h</span> <span class='ocrx_word' id='word_1_73' title='bbox 1831 800 1988 857; x_wconf 66' lang='lat' dir='ltr'>littera)</span> 
     </span>
    </p>
   </div>
   <div class='ocr_carea' id='block_1_5' title="bbox 228 876 1821 1080">
    <p class='ocr_par' dir='ltr' id='par_1_5' title="bbox 228 876 1821 1080">
     <span class='ocr_line' id='line_1_11' title="bbox 228 876 1812 932; baseline -0.004 -10"><span class='ocrx_word' id='word_1_74' title='bbox 228 880 433 922; x_wconf 85' lang='lat' dir='ltr'>Mandrae</span> <span class='ocrx_word' id='word_1_75' title='bbox 478 879 592 922; x_wconf 86' lang='lat' dir='ltr'>forte</span> <span class='ocrx_word' id='word_1_76' title='bbox 636 880 784 922; x_wconf 85' lang='lat' dir='ltr'>caulae</span> <span class='ocrx_word' id='word_1_77' title='bbox 830 884 932 922; x_wconf 87' lang='lat' dir='ltr'>sunt</span> <span class='ocrx_word' id='word_1_78' title='bbox 976 880 1087 922; x_wconf 89' lang='lat' dir='ltr'>unde</span> <span class='ocrx_word' id='word_1_79' title='bbox 1189 877 1264 932; x_wconf 84' lang='lat' dir='ltr'>qui</span> <span class='ocrx_word' id='word_1_80' title='bbox 1296 891 1410 918; x_wconf 88' lang='lat' dir='ltr'>nunc</span> <span class='ocrx_word' id='word_1_81' title='bbox 1444 877 1576 918; x_wconf 84' lang='lat' dir='ltr'>scotti</span> <span class='ocrx_word' id='word_1_82' title='bbox 1609 876 1812 918; x_wconf 81' lang='lat' dir='ltr'>dicuntur</span> 
     </span>
     <span class='ocr_line' id='line_1_12' title="bbox 286 946 1821 1003; baseline -0.004 -9"><span class='ocrx_word' id='word_1_83' title='bbox 286 955 332 994; x_wconf 90' lang='lat' dir='ltr'>et</span> <span class='ocrx_word' id='word_1_84' title='bbox 383 951 724 994; x_wconf 73' lang='lat' dir='ltr'>archimandrita</span> <span class='ocrx_word' id='word_1_85' title='bbox 771 951 816 993; x_wconf 88' lang='lat' dir='ltr'>id</span> <span class='ocrx_word' id='word_1_86' title='bbox 861 955 928 994; x_wconf 91' lang='lat' dir='ltr'>est</span> <span class='ocrx_word' id='word_1_87' title='bbox 971 951 1089 994; x_wconf 88' lang='lat' dir='ltr'>here·</span> <span class='ocrx_word' id='word_1_88' title='bbox 1129 947 1260 990; x_wconf 87' lang='lat' dir='ltr'>Cauri</span> <span class='ocrx_word' id='word_1_89' title='bbox 1292 948 1546 1003; x_wconf 87' lang='lat' dir='ltr'>philosophi</span> <span class='ocrx_word' id='word_1_90' title='bbox 1578 946 1821 1002; x_wconf 79' lang='lat' dir='ltr'>turpissimi</span> 
     </span>
     <span class='ocr_line' id='line_1_13' title="bbox 286 1019 1766 1080; baseline -0.003 -15"><span class='ocrx_word' id='word_1_91' title='bbox 286 1024 395 1066; x_wconf 91' lang='lat' dir='ltr'>mita</span> <span class='ocrx_word' id='word_1_92' title='bbox 409 1024 568 1066; x_wconf 85' lang='lat' dir='ltr'>dicitur</span> <span class='ocrx_word' id='word_1_93' title='bbox 585 1022 1092 1080; x_wconf 54' lang='grc' dir='ltr'>(91111παιγμαᾱᾱωιλ)</span> <span class='ocrx_word' id='word_1_94' title='bbox 1131 1019 1349 1063; x_wconf 83' lang='lat' dir='ltr'>Cerdones</span> <span class='ocrx_word' id='word_1_95' title='bbox 1382 1034 1593 1075; x_wconf 85' lang='lat' dir='ltr'>pauperes</span> <span class='ocrx_word' id='word_1_96' title='bbox 1626 1019 1766 1061; x_wconf 88' lang='lat' dir='ltr'>infimi</span> 
     </span>
    </p>
   </div>
   <div class='ocr_carea' id='block_1_6' title="bbox 178 1091 2051 1787">
    <p class='ocr_par' dir='ltr' id='par_1_6' title="bbox 178 1091 2051 1787">
     <span class='ocr_line' id='line_1_14' title="bbox 227 1091 2044 1151; baseline -0.004 -13"><span class='ocrx_word' id='word_1_97' title='bbox 227 1096 418 1138; x_wconf 89' lang='lat' dir='ltr'>Mercule</span> <span class='ocrx_word' id='word_1_98' title='bbox 465 1095 592 1137; x_wconf 90' lang='lat' dir='ltr'>melle</span> <span class='ocrx_word' id='word_1_99' title='bbox 638 1095 738 1137; x_wconf 91' lang='lat' dir='ltr'>albo</span> <span class='ocrx_word' id='word_1_100' title='bbox 780 1094 852 1151; x_wconf 73' lang='grc'>(91.</span> <span class='ocrx_word' id='word_1_101' title='bbox 883 1098 929 1138; x_wconf 75' lang='lat' dir='ltr'>in</span> <span class='ocrx_word' id='word_1_102' title='bbox 961 1111 1089 1151; x_wconf 62' lang='lat' dir='ltr'>marry.</span> <span class='ocrx_word' id='word_1_103' title='bbox 1131 1091 1266 1134; x_wconf 86' lang='lat' dir='ltr'>Ceuet</span> <span class='ocrx_word' id='word_1_104' title='bbox 1293 1091 1529 1134; x_wconf 86' lang='lat' dir='ltr'>inclinatur</span> <span class='ocrx_word' id='word_1_105' title='bbox 2010 1098 2044 1123; x_wconf 74' lang='lat'>35</span> 
     </span>
     <span class='ocr_line' id='line_1_15' title="bbox 288 1163 1699 1223; baseline -0.004 -13"><span class='ocrx_word' id='word_1_106' title='bbox 288 1169 382 1210; x_wconf 79' lang='lat' dir='ltr'>add.</span> <span class='ocrx_word' id='word_1_107' title='bbox 416 1182 467 1209; x_wconf 78' lang='lat' dir='ltr'>m.</span> <span class='ocrx_word' id='word_1_108' title='bbox 483 1171 519 1222; x_wconf 81' lang='lat'>1,</span> <span class='ocrx_word' id='word_1_109' title='bbox 551 1171 599 1209; x_wconf 72' lang='lat' dir='ltr'>ut</span> <span class='ocrx_word' id='word_1_110' title='bbox 627 1166 875 1223; x_wconf 70' lang='lat' dir='ltr'>sequentem)</span> <span class='ocrx_word' id='word_1_111' title='bbox 1131 1163 1318 1207; x_wconf 85' lang='lat' dir='ltr'>Cieladis</span> <span class='ocrx_word' id='word_1_112' title='bbox 1352 1164 1483 1206; x_wconf 91' lang='lat' dir='ltr'>molle</span> <span class='ocrx_word' id='word_1_113' title='bbox 1516 1163 1699 1218; x_wconf 88' lang='lat' dir='ltr'>pallium</span> 
     </span>
     <span class='ocr_line' id='line_1_16' title="bbox 227 1236 1805 1294; baseline -0.003 -13"><span class='ocrx_word' id='word_1_114' title='bbox 227 1239 554 1294; x_wconf 78' lang='lat' dir='ltr'>Monoptalmus</span> <span class='ocrx_word' id='word_1_115' title='bbox 595 1240 740 1282; x_wconf 90' lang='lat' dir='ltr'>luscus</span> <span class='ocrx_word' id='word_1_116' title='bbox 1132 1236 1316 1278; x_wconf 82' lang='lat' dir='ltr'>Cilindri</span> <span class='ocrx_word' id='word_1_117' title='bbox 1341 1236 1588 1292; x_wconf 76' lang='lat' dir='ltr'>‘margarite</span> <span class='ocrx_word' id='word_1_118' title='bbox 1622 1236 1805 1277; x_wconf 86' lang='lat' dir='ltr'>rotunde</span> 
     </span>
     <span class='ocr_line' id='line_1_17' title="bbox 178 1307 1810 1353; baseline -0.002 -2"><span class='ocrx_word' id='word_1_119' title='bbox 178 1329 212 1351; x_wconf 85' lang='lat'>10</span> <span class='ocrx_word' id='word_1_120' title='bbox 232 1311 430 1352; x_wconf 91' lang='lat' dir='ltr'>Fabritio</span> <span class='ocrx_word' id='word_1_121' title='bbox 464 1311 507 1352; x_wconf 89' lang='lat' dir='ltr'>id</span> <span class='ocrx_word' id='word_1_122' title='bbox 541 1315 608 1353; x_wconf 90' lang='lat' dir='ltr'>est</span> <span class='ocrx_word' id='word_1_123' title='bbox 642 1313 858 1353; x_wconf 83' lang='lat' dir='ltr'>mentioso</span> <span class='ocrx_word' id='word_1_124' title='bbox 1134 1307 1411 1351; x_wconf 81' lang='lat' dir='ltr'>Cinomantia</span> <span class='ocrx_word' id='word_1_125' title='bbox 1444 1308 1563 1349; x_wconf 89' lang='lat' dir='ltr'>canis</span> <span class='ocrx_word' id='word_1_126' title='bbox 1596 1308 1810 1349; x_wconf 85' lang='lat' dir='ltr'>diuinatio</span> 
     </span>
     <span class='ocr_line' id='line_1_18' title="bbox 230 1379 1995 1435; baseline -0.001 -11"><span class='ocrx_word' id='word_1_127' title='bbox 230 1381 392 1424; x_wconf 87' lang='lat' dir='ltr'>Facilis</span> <span class='ocrx_word' id='word_1_128' title='bbox 426 1383 685 1425; x_wconf 81' lang='lat' dir='ltr'>exaudibilis</span> <span class='ocrx_word' id='word_1_129' title='bbox 1134 1380 1281 1423; x_wconf 82' lang='lat' dir='ltr'>Cintia</span> <span class='ocrx_word' id='word_1_130' title='bbox 1325 1380 1442 1421; x_wconf 85' lang='lat' dir='ltr'>dicta</span> <span class='ocrx_word' id='word_1_131' title='bbox 1487 1382 1553 1420; x_wconf 89' lang='lat' dir='ltr'>est</span> <span class='ocrx_word' id='word_1_132' title='bbox 1597 1379 1725 1420; x_wconf 88' lang='lat' dir='ltr'>diana</span> <span class='ocrx_word' id='word_1_133' title='bbox 1770 1395 1879 1435; x_wconf 90' lang='lat' dir='ltr'>quae</span> <span class='ocrx_word' id='word_1_134' title='bbox 1925 1396 1995 1422; x_wconf 84' lang='lat' dir='ltr'>an-</span> 
     </span>
     <span class='ocr_line' id='line_1_19' title="bbox 231 1452 1995 1506; baseline -0.002 -11"><span class='ocrx_word' id='word_1_135' title='bbox 231 1453 460 1496; x_wconf 84' lang='lat' dir='ltr'>Filibitina</span> <span class='ocrx_word' id='word_1_136' title='bbox 493 1454 703 1497; x_wconf 81' lang='lat' dir='ltr'>feretrum</span> <span class='ocrx_word' id='word_1_137' title='bbox 1196 1452 1304 1494; x_wconf 85' lang='lat' dir='ltr'>cello</span> <span class='ocrx_word' id='word_1_138' title='bbox 1332 1455 1506 1493; x_wconf 84' lang='lat' dir='ltr'>mortuo</span> <span class='ocrx_word' id='word_1_139' title='bbox 1532 1466 1661 1506; x_wconf 84' lang='lat' dir='ltr'>quem</span> <span class='ocrx_word' id='word_1_140' title='bbox 1689 1452 1864 1493; x_wconf 88' lang='lat' dir='ltr'>amabat</span> <span class='ocrx_word' id='word_1_141' title='bbox 1891 1454 1995 1493; x_wconf 89' lang='lat' dir='ltr'>tunc</span> 
     </span>
     <span class='ocr_line' id='line_1_20' title="bbox 232 1523 1832 1583; baseline -0.003 -15"><span class='ocrx_word' id='word_1_142' title='bbox 232 1526 266 1568; x_wconf 91' lang='lat' dir='ltr'>F</span> <span class='ocrx_word' id='word_1_143' title='bbox 271 1526 340 1568; x_wconf 84' lang='lat' dir='ltr'>ala</span> <span class='ocrx_word' id='word_1_144' title='bbox 372 1527 508 1568; x_wconf 89' lang='lat' dir='ltr'>turris</span> <span class='ocrx_word' id='word_1_145' title='bbox 542 1527 612 1582; x_wconf 64' lang='lat' dir='ltr'>(ql.</span> <span class='ocrx_word' id='word_1_146' title='bbox 646 1529 692 1568; x_wconf 74' lang='lat' dir='ltr'>in</span> <span class='ocrx_word' id='word_1_147' title='bbox 722 1527 872 1583; x_wconf 64' lang='lat' dir='ltr'>mam.)</span> <span class='ocrx_word' id='word_1_148' title='bbox 1196 1539 1295 1566; x_wconf 90' lang='lat' dir='ltr'>cum</span> <span class='ocrx_word' id='word_1_149' title='bbox 1327 1524 1469 1565; x_wconf 87' lang='lat' dir='ltr'>fiendo</span> <span class='ocrx_word' id='word_1_150' title='bbox 1503 1523 1650 1565; x_wconf 85' lang='lat' dir='ltr'>oculos</span> <span class='ocrx_word' id='word_1_151' title='bbox 1683 1523 1832 1564; x_wconf 89' lang='lat' dir='ltr'>amisit</span> 
     </span>
     <span class='ocr_line' id='line_1_21' title="bbox 234 1595 2051 1654; baseline -0.002 -15"><span class='ocrx_word' id='word_1_152' title='bbox 234 1597 399 1640; x_wconf 87' lang='lat' dir='ltr'>Florali</span> <span class='ocrx_word' id='word_1_153' title='bbox 433 1599 685 1654; x_wconf 87' lang='lat' dir='ltr'>turpiturba</span> <span class='ocrx_word' id='word_1_154' title='bbox 721 1599 947 1642; x_wconf 87' lang='lat' dir='ltr'>floralibus</span> <span class='ocrx_word' id='word_1_155' title='bbox 981 1601 1095 1642; x_wconf 86' lang='lat' dir='ltr'>enim</span> <span class='ocrx_word' id='word_1_156' title='bbox 1137 1595 1260 1638; x_wconf 78' lang='lat' dir='ltr'>Cin-0</span> <span class='ocrx_word' id='word_1_157' title='bbox 1296 1596 1440 1651; x_wconf 87' lang='lat' dir='ltr'>crispo</span> <span class='ocrx_word' id='word_1_158' title='bbox 1475 1595 1633 1650; x_wconf 87' lang='lat' dir='ltr'>capillo</span> <span class='ocrx_word' id='word_1_159' title='bbox 2016 1601 2051 1625; x_wconf 74' lang='lat'>40</span> 
     </span>
     <span class='ocr_line' id='line_1_22' title="bbox 293 1656 1996 1726; baseline -0.002 -15"><span class='ocrx_word' id='word_1_160' title='bbox 293 1669 408 1712; x_wconf 90' lang='lat' dir='ltr'>ludis</span> <span class='ocrx_word' id='word_1_161' title='bbox 442 1671 588 1712; x_wconf 88' lang='lat' dir='ltr'>omnia</span> <span class='ocrx_word' id='word_1_162' title='bbox 620 1671 767 1726; x_wconf 86' lang='lat' dir='ltr'>turpia</span> <span class='ocrx_word' id='word_1_163' title='bbox 799 1672 910 1713; x_wconf 90' lang='lat' dir='ltr'>fiunt</span> <span class='ocrx_word' id='word_1_164' title='bbox 1136 1668 1325 1712; x_wconf 84' lang='lat' dir='ltr'>Comcha</span> <span class='ocrx_word' id='word_1_165' title='bbox 1351 1667 1511 1710; x_wconf 85' lang='lat' dir='ltr'>dicitur</span> <span class='ocrx_word' id='word_1_166' title='bbox 1537 1683 1562 1709; x_wconf 87' lang='lat' dir='ltr'>a</span> <span class='ocrx_word' id='word_1_167' title='bbox 1589 1656 1756 1723; x_wconf 79' lang='lat' dir='ltr'>graecis</span> <span class='ocrx_word' id='word_1_168' title='bbox 1786 1668 1873 1709; x_wconf 90' lang='lat' dir='ltr'>olla</span> <span class='ocrx_word' id='word_1_169' title='bbox 1898 1666 1996 1708; x_wconf 88' lang='lat' dir='ltr'>fabe</span> 
     </span>
     <span class='ocr_line' id='line_1_23' title="bbox 184 1741 1317 1787; baseline 0.003 -4"><span class='ocrx_word' id='word_1_170' title='bbox 184 1758 215 1784; x_wconf 81' lang='lat'>15</span> <span class='ocrx_word' id='word_1_171' title='bbox 236 1741 422 1784; x_wconf 89' lang='lat' dir='ltr'>Forulus</span> <span class='ocrx_word' id='word_1_172' title='bbox 458 1742 570 1784; x_wconf 87' lang='lat' dir='ltr'>idest</span> <span class='ocrx_word' id='word_1_173' title='bbox 603 1744 839 1785; x_wconf 87' lang='lat' dir='ltr'>armarium</span> <span class='ocrx_word' id='word_1_174' title='bbox 872 1745 942 1786; x_wconf 89' lang='lat' dir='ltr'>uel</span> <span class='ocrx_word' id='word_1_175' title='bbox 975 1745 1095 1787; x_wconf 81' lang='lat' dir='ltr'>locus</span> <span class='ocrx_word' id='word_1_176' title='bbox 1197 1744 1317 1783; x_wconf 75' lang='lat' dir='ltr'>(300¹oe</span> 
     </span>
    </p>
   </div>
   <div class='ocr_carea' id='block_1_7' title="bbox 237 1811 1998 2014">
    <p class='ocr_par' dir='ltr' id='par_1_7' title="bbox 237 1811 1998 2014">
     <span class='ocr_line' id='line_1_24' title="bbox 295 1811 1998 1867; baseline -0.002 -12"><span class='ocrx_word' id='word_1_177' title='bbox 295 1814 510 1857; x_wconf 88' lang='lat' dir='ltr'>librorum</span> <span class='ocrx_word' id='word_1_178' title='bbox 1138 1813 1275 1855; x_wconf 83' lang='lat' dir='ltr'>Catax</span> <span class='ocrx_word' id='word_1_179' title='bbox 1302 1813 1480 1855; x_wconf 85' lang='lat' dir='ltr'>claudus</span> <span class='ocrx_word' id='word_1_180' title='bbox 1509 1811 1580 1867; x_wconf 56' lang='grc' dir='ltr'>(μί.</span> <span class='ocrx_word' id='word_1_181' title='bbox 1600 1815 1770 1854; x_wconf 71' lang='lat'><em>43—51</em></span> <span class='ocrx_word' id='word_1_182' title='bbox 1799 1812 1842 1853; x_wconf 71' lang='lat' dir='ltr'>in</span> <span class='ocrx_word' id='word_1_183' title='bbox 1868 1825 1998 1864; x_wconf 62' lang='lat' dir='ltr'>mam.</span> 
     </span>
     <span class='ocr_line' id='line_1_25' title="bbox 237 1883 1321 1943; baseline 0.005 -16"><span class='ocrx_word' id='word_1_184' title='bbox 237 1885 421 1928; x_wconf 89' lang='lat' dir='ltr'>Fretillo</span> <span class='ocrx_word' id='word_1_185' title='bbox 447 1887 601 1928; x_wconf 88' lang='lat' dir='ltr'>fimum</span> <span class='ocrx_word' id='word_1_186' title='bbox 627 1901 768 1943; x_wconf 82' lang='lat' dir='ltr'>purgo</span> <span class='ocrx_word' id='word_1_187' title='bbox 791 1889 858 1930; x_wconf 89' lang='lat' dir='ltr'>uel</span> <span class='ocrx_word' id='word_1_188' title='bbox 887 1888 1098 1932; x_wconf 85' lang='lat' dir='ltr'>fretillum</span> <span class='ocrx_word' id='word_1_189' title='bbox 1198 1900 1249 1927; x_wconf 73' lang='lat' dir='ltr'>m-</span> <span class='ocrx_word' id='word_1_190' title='bbox 1271 1883 1321 1942; x_wconf 83' lang='grc'>1)</span> 
     </span>
     <span class='ocr_line' id='line_1_26' title="bbox 300 1956 1497 2014; baseline -0.001 -14"><span class='ocrx_word' id='word_1_191' title='bbox 300 1959 344 2000; x_wconf 91' lang='lat' dir='ltr'>id</span> <span class='ocrx_word' id='word_1_192' title='bbox 360 1961 427 2000; x_wconf 84' lang='lat' dir='ltr'>est</span> <span class='ocrx_word' id='word_1_193' title='bbox 441 1959 623 2001; x_wconf 88' lang='lat' dir='ltr'>sistrum</span> <span class='ocrx_word' id='word_1_194' title='bbox 640 1956 729 2014; x_wconf 87' lang='lat' dir='ltr'>(uel</span> <span class='ocrx_word' id='word_1_195' title='bbox 805 1960 985 2003; x_wconf 89' lang='lat' dir='ltr'>sistrum</span> <span class='ocrx_word' id='word_1_196' title='bbox 1006 1964 1098 2005; x_wconf 78' lang='lat' dir='ltr'>add.</span> <span class='ocrx_word' id='word_1_197' title='bbox 1140 1957 1299 2012; x_wconf 85' lang='lat' dir='ltr'>Calpar</span> <span class='ocrx_word' id='word_1_198' title='bbox 1332 1957 1497 1998; x_wconf 88' lang='lat' dir='ltr'>dolium</span> 
     </span>
    </p>
   </div>
   <div class='ocr_carea' id='block_1_8' title="bbox 189 2027 2057 2589">
    <p class='ocr_par' dir='ltr' id='par_1_8' title="bbox 239 2027 2057 2305">
     <span class='ocr_line' id='line_1_27' title="bbox 297 2027 2000 2085; baseline -0.002 -13"><span class='ocrx_word' id='word_1_199' title='bbox 297 2031 352 2073; x_wconf 81' lang='lat' dir='ltr'>al.</span> <span class='ocrx_word' id='word_1_200' title='bbox 378 2031 451 2085; x_wconf 80' lang='lat' dir='ltr'>m.)</span> <span class='ocrx_word' id='word_1_201' title='bbox 1141 2029 1334 2072; x_wconf 82' lang='lat' dir='ltr'>Carchus</span> <span class='ocrx_word' id='word_1_202' title='bbox 1362 2029 1479 2070; x_wconf 89' lang='lat' dir='ltr'>uitus</span> <span class='ocrx_word' id='word_1_203' title='bbox 1507 2031 1550 2070; x_wconf 91' lang='lat' dir='ltr'>et</span> <span class='ocrx_word' id='word_1_204' title='bbox 1571 2028 1731 2070; x_wconf 84' lang='lat' dir='ltr'>dicitur</span> <span class='ocrx_word' id='word_1_205' title='bbox 1757 2027 1862 2069; x_wconf 85' lang='lat' dir='ltr'>haec</span> <span class='ocrx_word' id='word_1_206' title='bbox 1884 2027 2000 2068; x_wconf 85' lang='lat' dir='ltr'>uitus</span> 
     </span>
     <span class='ocr_line' id='line_1_28' title="bbox 239 2099 1858 2159; baseline -0.002 -15"><span class='ocrx_word' id='word_1_207' title='bbox 239 2102 383 2158; x_wconf 82' lang='lat' dir='ltr'>Fungi</span> <span class='ocrx_word' id='word_1_208' title='bbox 416 2117 553 2159; x_wconf 83' lang='lat' dir='ltr'>genus</span> <span class='ocrx_word' id='word_1_209' title='bbox 587 2103 723 2144; x_wconf 88' lang='lat' dir='ltr'>boleti</span> <span class='ocrx_word' id='word_1_210' title='bbox 1202 2100 1269 2158; x_wconf 69' lang='lat' dir='ltr'>(ex</span> <span class='ocrx_word' id='word_1_211' title='bbox 1302 2099 1426 2157; x_wconf 83' lang='lat' dir='ltr'>uitis)</span> <span class='ocrx_word' id='word_1_212' title='bbox 1460 2100 1669 2142; x_wconf 87' lang='lat' dir='ltr'>feminino</span> <span class='ocrx_word' id='word_1_213' title='bbox 1703 2113 1858 2154; x_wconf 80' lang='lat' dir='ltr'>genere</span> 
     </span>
     <span class='ocr_line' id='line_1_29' title="bbox 241 2171 2057 2228; baseline -0.002 -12"><span class='ocrx_word' id='word_1_214' title='bbox 241 2174 430 2216; x_wconf 84' lang='lat' dir='ltr'>Flustris</span> <span class='ocrx_word' id='word_1_215' title='bbox 464 2173 639 2216; x_wconf 90' lang='lat' dir='ltr'>fluentis</span> <span class='ocrx_word' id='word_1_216' title='bbox 1142 2172 1263 2215; x_wconf 81' lang='lat' dir='ltr'>Celia</span> <span class='ocrx_word' id='word_1_217' title='bbox 1294 2173 1416 2228; x_wconf 89' lang='lat' dir='ltr'>potio</span> <span class='ocrx_word' id='word_1_218' title='bbox 1450 2173 1501 2214; x_wconf 88' lang='lat' dir='ltr'>de</span> <span class='ocrx_word' id='word_1_219' title='bbox 1535 2187 1638 2214; x_wconf 90' lang='lat' dir='ltr'>suco</span> <span class='ocrx_word' id='word_1_220' title='bbox 1672 2171 1880 2226; x_wconf 71' lang='lat' dir='ltr'>frumenti</span> <span class='ocrx_word' id='word_1_221' title='bbox 2022 2184 2057 2208; x_wconf 76' lang='lat'>·1:·›</span> 
     </span>
     <span class='ocr_line' id='line_1_30' title="bbox 240 2243 1984 2305; baseline -0.002 -17"><span class='ocrx_word' id='word_1_222' title='bbox 240 2245 535 2302; x_wconf 83' lang='lat' dir='ltr'>Damasippus</span> <span class='ocrx_word' id='word_1_223' title='bbox 569 2246 776 2288; x_wconf 87' lang='lat' dir='ltr'>lateranis</span> <span class='ocrx_word' id='word_1_224' title='bbox 811 2245 932 2304; x_wconf 75' lang='lat' dir='ltr'>(corr.</span> <span class='ocrx_word' id='word_1_225' title='bbox 966 2247 1083 2305; x_wconf 84' lang='lat' dir='ltr'>—nus)</span> <span class='ocrx_word' id='word_1_226' title='bbox 1143 2243 1346 2287; x_wconf 84' lang='lat' dir='ltr'>Calatum</span> <span class='ocrx_word' id='word_1_227' title='bbox 1380 2244 1619 2286; x_wconf 86' lang='lat' dir='ltr'>canistrum</span> <span class='ocrx_word' id='word_1_228' title='bbox 1652 2243 1721 2284; x_wconf 92' lang='lat' dir='ltr'>uel</span> <span class='ocrx_word' id='word_1_229' title='bbox 1756 2244 1984 2286; x_wconf 83' lang='lat' dir='ltr'>cartallum</span> 
     </span>
    </p>

    <p class='ocr_par' dir='ltr' id='par_1_9' title="bbox 189 2317 1424 2373">
     <span class='ocr_line' id='line_1_31' title="bbox 189 2317 1424 2373; baseline -0.002 -13"><span class='ocrx_word' id='word_1_230' title='bbox 189 2334 223 2359; x_wconf 81' lang='lat'>20</span> <span class='ocrx_word' id='word_1_231' title='bbox 242 2317 466 2360; x_wconf 88' lang='lat' dir='ltr'>Deducere</span> <span class='ocrx_word' id='word_1_232' title='bbox 497 2332 756 2373; x_wconf 86' lang='lat' dir='ltr'>componere</span> <span class='ocrx_word' id='word_1_233' title='bbox 1145 2317 1255 2359; x_wconf 84' lang='lat' dir='ltr'>Cesa</span> <span class='ocrx_word' id='word_1_234' title='bbox 1287 2317 1424 2358; x_wconf 90' lang='lat' dir='ltr'>telum</span> 
     </span>
    </p>

    <p class='ocr_par' dir='ltr' id='par_1_10' title="bbox 244 2388 1565 2448">
     <span class='ocr_line' id='line_1_32' title="bbox 244 2388 1565 2448; baseline -0.002 -16"><span class='ocrx_word' id='word_1_235' title='bbox 244 2390 481 2448; x_wconf 85' lang='lat' dir='ltr'>Defrutum</span> <span class='ocrx_word' id='word_1_236' title='bbox 497 2389 611 2445; x_wconf 89' lang='lat' dir='ltr'>quod</span> <span class='ocrx_word' id='word_1_237' title='bbox 626 2390 907 2433; x_wconf 85' lang='lat' dir='ltr'>defraudatur</span> <span class='ocrx_word' id='word_1_238' title='bbox 923 2395 965 2434; x_wconf 82' lang='lat' dir='ltr'>et</span> <span class='ocrx_word' id='word_1_239' title='bbox 981 2393 1106 2448; x_wconf 84' lang='lat' dir='ltr'>quasi</span> <span class='ocrx_word' id='word_1_240' title='bbox 1146 2388 1368 2445; x_wconf 80' lang='lat' dir='ltr'>Oheragra</span> <span class='ocrx_word' id='word_1_241' title='bbox 1399 2388 1565 2430; x_wconf 90' lang='lat' dir='ltr'>nodosa</span> 
     </span>
    </p>

    <p class='ocr_par' dir='ltr' id='par_1_11' title="bbox 244 2459 2004 2589">
     <span class='ocr_line' id='line_1_33' title="bbox 302 2459 2004 2516; baseline -0.002 -13"><span class='ocrx_word' id='word_1_242' title='bbox 302 2462 500 2504; x_wconf 79' lang='lat' dir='ltr'>fraudem</span> <span class='ocrx_word' id='word_1_243' title='bbox 533 2462 730 2516; x_wconf 83' lang='lat' dir='ltr'>patiatur</span> <span class='ocrx_word' id='word_1_244' title='bbox 1146 2460 1308 2503; x_wconf 82' lang='lat' dir='ltr'>Clatris</span> <span class='ocrx_word' id='word_1_245' title='bbox 1353 2460 1398 2502; x_wconf 88' lang='lat' dir='ltr'>id</span> <span class='ocrx_word' id='word_1_246' title='bbox 1439 2463 1506 2502; x_wconf 85' lang='lat' dir='ltr'>est</span> <span class='ocrx_word' id='word_1_247' title='bbox 1556 2459 1689 2516; x_wconf 79' lang='lat' dir='ltr'>lignis</span> <span class='ocrx_word' id='word_1_248' title='bbox 1734 2459 2004 2501; x_wconf 86' lang='lat' dir='ltr'>uolubilibus</span> 
     </span>
     <span class='ocr_line' id='line_1_34' title="bbox 244 2532 1708 2589; baseline -0.002 -13"><span class='ocrx_word' id='word_1_249' title='bbox 244 2533 480 2576; x_wconf 88' lang='lat' dir='ltr'>Defrutum</span> <span class='ocrx_word' id='word_1_250' title='bbox 501 2533 653 2575; x_wconf 89' lang='lat' dir='ltr'>uinum</span> <span class='ocrx_word' id='word_1_251' title='bbox 669 2536 926 2589; x_wconf 87' lang='lat' dir='ltr'>quoquendo</span> <span class='ocrx_word' id='word_1_252' title='bbox 943 2536 1108 2578; x_wconf 74' lang='lat' dir='ltr'>defrau-</span> <span class='ocrx_word' id='word_1_253' title='bbox 1208 2548 1317 2588; x_wconf 89' lang='lat' dir='ltr'>quae</span> <span class='ocrx_word' id='word_1_254' title='bbox 1351 2536 1453 2575; x_wconf 90' lang='lat' dir='ltr'>sunt</span> <span class='ocrx_word' id='word_1_255' title='bbox 1485 2533 1531 2574; x_wconf 91' lang='lat' dir='ltr'>in</span> <span class='ocrx_word' id='word_1_256' title='bbox 1564 2532 1708 2575; x_wconf 90' lang='lat' dir='ltr'>caueis</span> 
     </span>
    </p>
   </div>
   <div class='ocr_carea' id='block_1_9' title="bbox 247 2604 2061 2806">
    <p class='ocr_par' dir='ltr' id='par_1_12' title="bbox 247 2604 2061 2806">
     <span class='ocr_line' id='line_1_35' title="bbox 306 2604 2061 2663; baseline -0.002 -15"><span class='ocrx_word' id='word_1_257' title='bbox 306 2608 456 2649; x_wconf 90' lang='lat' dir='ltr'>datum</span> <span class='ocrx_word' id='word_1_258' title='bbox 469 2609 512 2648; x_wconf 91' lang='lat' dir='ltr'>et</span> <span class='ocrx_word' id='word_1_259' title='bbox 523 2606 688 2647; x_wconf 88' lang='lat' dir='ltr'>dictum</span> <span class='ocrx_word' id='word_1_260' title='bbox 700 2606 920 2649; x_wconf 88' lang='lat' dir='ltr'>defrutum</span> <span class='ocrx_word' id='word_1_261' title='bbox 933 2623 983 2650; x_wconf 94' lang='lat' dir='ltr'>eo</span> <span class='ocrx_word' id='word_1_262' title='bbox 994 2609 1109 2663; x_wconf 87' lang='lat' dir='ltr'>quod</span> <span class='ocrx_word' id='word_1_263' title='bbox 1147 2604 1324 2647; x_wconf 84' lang='lat' dir='ltr'>Cofinus</span> <span class='ocrx_word' id='word_1_264' title='bbox 1359 2605 1503 2647; x_wconf 88' lang='lat' dir='ltr'>corbis</span> <span class='ocrx_word' id='word_1_265' title='bbox 2026 2614 2061 2639; x_wconf 76' lang='lat'>50</span> 
     </span>
     <span class='ocr_line' id='line_1_36' title="bbox 308 2676 1914 2735; baseline -0.003 -15"><span class='ocrx_word' id='word_1_266' title='bbox 308 2679 567 2735; x_wconf 88' lang='lat' dir='ltr'>quoquendo</span> <span class='ocrx_word' id='word_1_267' title='bbox 581 2681 750 2720; x_wconf 85' lang='lat' dir='ltr'>arescat</span> <span class='ocrx_word' id='word_1_268' title='bbox 765 2678 963 2721; x_wconf 90' lang='lat' dir='ltr'>minusue</span> <span class='ocrx_word' id='word_1_269' title='bbox 976 2679 1109 2722; x_wconf 76' lang='lat' dir='ltr'>faciat</span> <span class='ocrx_word' id='word_1_270' title='bbox 1148 2676 1456 2719; x_wconf 88' lang='lat' dir='ltr'>Concumbunt</span> <span class='ocrx_word' id='word_1_271' title='bbox 1489 2677 1652 2718; x_wconf 83' lang='lat' dir='ltr'>crisant</span> <span class='ocrx_word' id='word_1_272' title='bbox 1685 2678 1728 2717; x_wconf 91' lang='lat' dir='ltr'>et</span> <span class='ocrx_word' id='word_1_273' title='bbox 1761 2677 1914 2716; x_wconf 85' lang='lat' dir='ltr'>ceuent</span> 
     </span>
     <span class='ocr_line' id='line_1_37' title="bbox 247 2745 1953 2806; baseline -0.003 -14"><span class='ocrx_word' id='word_1_274' title='bbox 247 2750 463 2793; x_wconf 86' lang='lat' dir='ltr'>Defrudat</span> <span class='ocrx_word' id='word_1_275' title='bbox 514 2750 741 2792; x_wconf 84' lang='lat' dir='ltr'>defraudat</span> <span class='ocrx_word' id='word_1_276' title='bbox 792 2750 950 2792; x_wconf 88' lang='lat' dir='ltr'>minuit</span> <span class='ocrx_word' id='word_1_277' title='bbox 995 2752 1110 2806; x_wconf 89' lang='lat' dir='ltr'>quod</span> <span class='ocrx_word' id='word_1_278' title='bbox 1149 2748 1270 2804; x_wconf 82' lang='lat' dir='ltr'>Cogo</span> <span class='ocrx_word' id='word_1_279' title='bbox 1305 2748 1465 2804; x_wconf 82' lang='lat' dir='ltr'>colligo</span> <span class='ocrx_word' id='word_1_280' title='bbox 1502 2747 1652 2801; x_wconf 67' lang='grc'>(91.1’11</span> <span class='ocrx_word' id='word_1_281' title='bbox 1679 2761 1808 2800; x_wconf 68' lang='lat' dir='ltr'>mary.</span> <span class='ocrx_word' id='word_1_282' title='bbox 1835 2745 1953 2800; x_wconf 69' lang='lat' dir='ltr'>ml)</span> 
     </span>
    </p>
   </div>
   <div class='ocr_carea' id='block_1_10' title="bbox 249 2817 2010 3022">
    <p class='ocr_par' dir='ltr' id='par_1_13' title="bbox 249 2817 2010 3022">
     <span class='ocr_line' id='line_1_38' title="bbox 308 2817 2007 2864; baseline -0.004 0"><span class='ocrx_word' id='word_1_283' title='bbox 308 2823 471 2864; x_wconf 85' lang='lat' dir='ltr'>fruitur</span> <span class='ocrx_word' id='word_1_284' title='bbox 1150 2819 1340 2862; x_wconf 81' lang='lat' dir='ltr'>Corbulo</span> <span class='ocrx_word' id='word_1_285' title='bbox 1372 2820 1442 2861; x_wconf 87' lang='lat' dir='ltr'>uel</span> <span class='ocrx_word' id='word_1_286' title='bbox 1468 2834 1628 2861; x_wconf 88' lang='lat' dir='ltr'>nomen</span> <span class='ocrx_word' id='word_1_287' title='bbox 1654 2821 1721 2860; x_wconf 88' lang='lat' dir='ltr'>est</span> <span class='ocrx_word' id='word_1_288' title='bbox 1745 2817 2007 2860; x_wconf 89' lang='lat' dir='ltr'>ualidissimi</span> 
     </span>
     <span class='ocr_line' id='line_1_39' title="bbox 249 2889 2006 2949; baseline -0.003 -14"><span class='ocrx_word' id='word_1_289' title='bbox 249 2893 446 2936; x_wconf 90' lang='lat' dir='ltr'>Hoemus</span> <span class='ocrx_word' id='word_1_290' title='bbox 480 2896 524 2935; x_wconf 89' lang='lat' dir='ltr'>et</span> <span class='ocrx_word' id='word_1_291' title='bbox 557 2893 788 2949; x_wconf 83' lang='lat' dir='ltr'>capoforus</span> <span class='ocrx_word' id='word_1_292' title='bbox 817 2893 1110 2949; x_wconf 77' lang='lat' dir='ltr'>antiquissimi</span> <span class='ocrx_word' id='word_1_293' title='bbox 1209 2892 1434 2934; x_wconf 86' lang='lat' dir='ltr'>cuiusdam</span> <span class='ocrx_word' id='word_1_294' title='bbox 1461 2891 1662 2933; x_wconf 87' lang='lat' dir='ltr'>laturarii</span> <span class='ocrx_word' id='word_1_295' title='bbox 1682 2889 1753 2932; x_wconf 88' lang='lat' dir='ltr'>uel</span> <span class='ocrx_word' id='word_1_296' title='bbox 1773 2889 2006 2931; x_wconf 86' lang='lat' dir='ltr'>uinitorem</span> 
     </span>
     <span class='ocr_line' id='line_1_40' title="bbox 310 2961 2010 3022; baseline -0.003 -15"><span class='ocrx_word' id='word_1_297' title='bbox 310 2966 511 3022; x_wconf 84' lang='lat' dir='ltr'>traguedi</span> <span class='ocrx_word' id='word_1_298' title='bbox 543 2965 720 3007; x_wconf 87' lang='lat' dir='ltr'>fuerunt</span> <span class='ocrx_word' id='word_1_299' title='bbox 1211 2963 1318 3005; x_wconf 89' lang='lat' dir='ltr'>dicit</span> <span class='ocrx_word' id='word_1_300' title='bbox 1369 2963 1443 3018; x_wconf 90' lang='lat' dir='ltr'>qui</span> <span class='ocrx_word' id='word_1_301' title='bbox 1493 2962 1648 3018; x_wconf 83' lang='lat' dir='ltr'>grandi</span> <span class='ocrx_word' id='word_1_302' title='bbox 1699 2961 1828 3004; x_wconf 86' lang='lat' dir='ltr'>corbe</span> <span class='ocrx_word' id='word_1_303' title='bbox 1878 2975 2010 3002; x_wconf 87' lang='lat' dir='ltr'>uuam</span> 
     </span>
    </p>
   </div>
   <div class='ocr_carea' id='block_1_11' title="bbox 197 3034 2011 3150">
    <p class='ocr_par' dir='ltr' id='par_1_14' title="bbox 197 3034 2011 3150">
     <span class='ocr_line' id='line_1_41' title="bbox 197 3034 1669 3092; baseline -0.003 -14"><span class='ocrx_word' id='word_1_304' title='bbox 197 3050 232 3076; x_wconf 79' lang='lat'>25</span> <span class='ocrx_word' id='word_1_305' title='bbox 252 3036 591 3079; x_wconf 87' lang='lat' dir='ltr'>Honiromantia</span> <span class='ocrx_word' id='word_1_306' title='bbox 617 3037 745 3079; x_wconf 83' lang='lat' dir='ltr'>multi</span> <span class='ocrx_word' id='word_1_307' title='bbox 767 3037 881 3079; x_wconf 91' lang='lat' dir='ltr'>enim</span> <span class='ocrx_word' id='word_1_308' title='bbox 903 3037 954 3079; x_wconf 89' lang='lat' dir='ltr'>de</span> <span class='ocrx_word' id='word_1_309' title='bbox 979 3037 1112 3092; x_wconf 90' lang='lat' dir='ltr'>pullis</span> <span class='ocrx_word' id='word_1_310' title='bbox 1210 3037 1360 3090; x_wconf 81' lang='lat' dir='ltr'>portat</span> <span class='ocrx_word' id='word_1_311' title='bbox 1393 3034 1446 3076; x_wconf 84' lang='lat' dir='ltr'>ad</span> <span class='ocrx_word' id='word_1_312' title='bbox 1477 3034 1669 3076; x_wconf 82' lang='lat' dir='ltr'>torcular</span> 
     </span>
     <span class='ocr_line' id='line_1_42' title="bbox 312 3104 2011 3150; baseline -0.002 0"><span class='ocrx_word' id='word_1_313' title='bbox 312 3108 459 3150; x_wconf 86' lang='lat' dir='ltr'>futura</span> <span class='ocrx_word' id='word_1_314' title='bbox 492 3109 696 3150; x_wconf 83' lang='lat' dir='ltr'>dixerunt</span> <span class='ocrx_word' id='word_1_315' title='bbox 1153 3106 1379 3149; x_wconf 84' lang='lat' dir='ltr'>Clustrum</span> <span class='ocrx_word' id='word_1_316' title='bbox 1405 3106 1605 3148; x_wconf 90' lang='lat' dir='ltr'>clausura</span> <span class='ocrx_word' id='word_1_317' title='bbox 1625 3105 1858 3147; x_wconf 82' lang='lat' dir='ltr'>hostucum</span> <span class='ocrx_word' id='word_1_318' title='bbox 1879 3104 2011 3146; x_wconf 87' lang='lat' dir='ltr'>uerri-</span> 
     </span>
    </p>
   </div>
  </div>
 </body>
</html>
