2216 3402
210 142 267 181 46

729 140 964 175 PLACIDVS
991 140 1121 194 LIBRI
1147 140 1439 175 GLOSSARVM

270 250 384 291 dicte
412 250 465 291 ab
491 265 539 291 60
562 250 676 304 quod
702 264 779 304 per
804 249 904 290 illas
932 264 1068 291 sacer-

271 321 394 362 dotes
415 320 564 362 futura
584 321 786 362 nuntient
806 321 917 361 unde
933 320 1067 374 etiam

272 393 439 447 antiqui
478 391 732 448 peregrinos
765 395 808 433 et
847 392 943 447 pari
975 392 1067 434 iure

271 465 468 506 uibentes
491 465 596 505 adeo
618 479 754 519 usque
781 479 895 506 nunc
917 464 1067 506 hostes

271 536 434 577 duelles
475 536 767 590 appellabant.
822 536 1067 578 hostiarum

272 611 415 649 autem
461 607 563 648 deos
610 622 771 662 aequos
816 608 911 650 fieri
954 609 1067 664 quod

272 682 338 720 est
384 679 600 733 propitios
646 682 818 733 praeter
863 680 1067 735 antiquos

271 751 471 806 agebant.
535 750 759 806 Vergilius
808 767 978 807 quoque
1023 752 1068 793 in

270 822 411 876 primo
431 822 558 864 libro.
591 822 764 864 Interea
785 824 837 864 ad
857 824 1069 878 templum

269 909 466 949 noneque
506 894 680 948 pallidis
719 895 844 936 ibant
881 896 964 937 hcc
1003 895 1069 951 61)

271 966 392 1019 irate.
434 965 533 1007 Non
560 969 609 1007 ut
634 967 828 1022 plerique
856 982 1070 1023 gramma-

271 1038 348 1079 tici
388 1038 730 1080 exhistimabant
767 1054 855 1080 non
887 1054 1070 1094 aequam

271 1109 366 1151 ideo
390 1109 504 1164 quod
531 1110 672 1166 magis
699 1109 743 1152 in
771 1111 911 1166 grecis
939 1126 1069 1166 quam

271 1180 454 1222 troianis
481 1180 614 1223 fuerit
639 1197 729 1224 non
755 1197 937 1237 aequam
965 1198 1068 1239 ergo

272 1253 429 1294 iratam
463 1252 644 1295 dicimus

1167 263 1268 291 casu
1318 251 1368 289 ut
1412 249 1463 290 de
1509 248 1688 290 catilina
1739 249 1964 291 sallustius

1166 321 1272 362 dicit
1304 320 1467 362 multos
1494 320 1701 362 iuuenum
1730 321 1967 375 pollicebat

1166 392 1350 433 diuersis
1406 378 1636 433 inlecebris
1689 391 1762 433 alii
1821 395 1967 434 scorta

1166 464 1346 518 prebere
1386 464 1459 505 alii
1494 478 1628 518 equos
1668 464 1851 505 mercari
1891 463 1964 504 alii

1167 550 1293 577 canes
1328 536 1379 577 ad
1413 536 1659 577 uenandum

1106 605 1332 649 Alimones
1367 608 1420 649 ab
1455 608 1663 649 alimento

1106 677 1253 720 Alitus
1287 679 1479 721 nutritus
1513 682 1666 734 pastus
1700 677 1859 736 (Va-9.)
1989 694 2022 717 10

1106 748 1301 792 Alternis
1328 752 1555 807 utriusque
1581 752 1683 793 hinc
1705 754 1747 792 et
1773 751 1871 792 inde
1898 751 1967 792 uel

1169 837 1219 863 ex
1251 822 1479 878 utriusque
1511 823 1682 866 uicibus

1109 892 1337 936 Alterutra
1369 910 1470 949 pars
1503 898 1687 950 utraque
1720 909 1821 950 pars

1109 963 1386 1007 Alterutrum
1432 967 1776 1023 significationes
1827 966 1969 1022 magis

1169 1036 1276 1098 duas
1308 1041 1455 1092 partes
1488 1038 1621 1079 habet

1110 1107 1385 1151 Alterutrum
1419 1113 1494 1151 aut
1526 1110 1608 1152 hoc
1642 1112 1718 1152 aut
1753 1109 1861 1151 illud
1894 1112 1970 1151 aut

1168 1182 1401 1236 utrumque

1112 1250 1343 1294 Altiboans
1378 1256 1477 1295 ante
1505 1268 1666 1295 sonans
1692 1256 1742 1294 ut
1768 1253 1970 1309 uirgilius
1992 1267 2025 1293 15

212 1324 431 1380 Agredule
477 1340 578 1366 rane
623 1340 756 1380 parue
794 1327 981 1368 multum
1025 1327 1071 1368 in
1171 1324 1356 1366 reboant
1389 1340 1498 1380 quae
1531 1326 1667 1367 siluae
1701 1325 1871 1367 cicadas

273 1396 386 1438 sicco
427 1396 497 1437 1161
543 1397 658 1452 agris
697 1402 917 1441 morantes
960 1399 1071 1440 unde
1110 1393 1331 1438 Altilitate
1377 1397 1431 1439 ab
1477 1398 1630 1440 alendo
1675 1397 1719 1439 id
1764 1399 1832 1439 est
1874 1397 1971 1452 ipsa

275 1471 319 1509 et
350 1471 598 1522 nuncupate
633 1467 774 1526 (Isid.)
1171 1482 1238 1509 res
1273 1483 1354 1522 que
1388 1469 1523 1511 alitur

211 1539 345 1581 Aiens
389 1540 534 1582 dicens
577 1541 645 1582 aio
689 1541 751 1583 ais
791 1542 853 1583 ait
894 1542 1072 1597 partici-
1112 1536 1388 1582 Altrinsecus
1423 1542 1636 1582 alterutra
1667 1556 1768 1596 pars
1802 1539 1869 1596 (de
1895 1539 1969 1596 ql.)

271 1613 393 1667 pium
425 1612 530 1655 facit
1110 1608 1384 1655 Altrinsecus
1426 1612 1526 1654 hinc
1568 1615 1611 1654 et
1653 1613 1750 1654 inde
1791 1613 1862 1654 uel
1904 1613 1971 1654 de—

214 1683 463 1739 Alapariem
515 1684 662 1739 alapas
714 1684 870 1726 minari
916 1686 959 1727 id
1004 1688 1070 1727 est
1168 1697 1298 1737 super
1331 1683 1444 1725 sicut
1476 1684 1744 1726 extrinsecus
1786 1684 1970 1726 dicimus

273 1756 415 1797 fedam
447 1759 523 1798 aut
557 1771 787 1811 superuam
821 1757 968 1798 cedem
1000 1757 1070 1798 uel

272 1827 604 1885 proiactantia‘2)

1168 1755 1222 1796 ab
1256 1769 1306 1797 eo
1340 1756 1456 1810 quod
1495 1758 1562 1797 est
1602 1756 1792 1798 exterius
1826 1758 1870 1798 et
1909 1755 1972 1797 in-

1171 1827 1386 1869 trinsecus
1421 1827 1474 1869 ab
1508 1842 1557 1869 60
1587 1828 1701 1882 quod
1733 1827 1852 1869 intus
1879 1830 1946 1868 est

212 1899 422 1956 Allegans
444 1900 655 1955 deputans
677 1899 841 1956 eligens
863 1900 931 1942 uel
959 1900 1072 1942 dele-
1110 1899 1386 1942 Altrinsecus
1431 1914 1520 1942 non
1564 1914 1616 1940 ex
1664 1899 1753 1941 alto
1800 1899 1873 1941 sed
1919 1914 1971 1940 ex

275 1985 382 2027 gans
417 1971 482 2025 (de
507 1970 581 2028 ql.)
1171 1972 1310 2013 altera
1344 1974 1468 2026 parte

179 2058 194 2082 5
214 2042 513 2099 Allegoricum
555 2044 693 2085 altum
733 2045 917 2086 uerbum
961 2045 1072 2101 legis
1110 2043 1390 2099 Altriplicem
1423 2043 1639 2098 duplicem
1673 2043 1872 2084 dolosum
1905 2042 1971 2097 (de
1990 2058 2025 2083 20

274 2114 533 2169 inquisitum
1166 2114 1241 2172 yl.)

215 2186 318 2229 Ales
353 2187 499 2242 aquila
536 2187 605 2228 uel
645 2201 794 2229 omnes
835 2203 936 2229 aues
978 2203 1074 2243 pos·
1112 2184 1363 2243 Aluminass)
1394 2186 1542 2228 nutrix
1579 2186 1632 2228 ab
1668 2186 1821 2228 alendo
1854 2185 1972 2227 dicta

275 2261 376 2300 sunt
409 2258 493 2300 dici
526 2259 614 2301 ales
650 2258 716 2314 (de
743 2256 818 2315 ql.)
1172 2258 1237 2313 (de
1261 2257 1337 2314 yl.)

215 2329 465 2372 Aliciendos
504 2330 760 2373 inliciendos
792 2331 861 2372 uel
901 2346 1073 2386 persua·
1112 2330 1360 2372 Amandata
1404 2332 1526 2371 extra
1577 2329 1782 2371 mandata
1827 2344 1971 2371 aman-

275 2401 436 2444 dendos
1171 2402 1264 2444 dari
1286 2401 1401 2444 enim
1420 2404 1542 2443 extra
1563 2400 1759 2442 mandari
1775 2403 1842 2442 est
1856 2400 1970 2455 quod

216 2472 305 2514 Alii
339 2473 568 2516 scribimus
608 2474 890 2530 singulariter
923 2475 1071 2517 adtiuo
1170 2474 1372 2530 propriae
1418 2474 1470 2514 ad
1518 2473 1740 2515 hominem
1784 2472 1972 2514 refertur

314 2628 348 2674 1)
372 2629 397 2662 fi
422 2628 464 2662 i‘n
489 2627 559 2662 hoc
584 2638 675 2663 corr.
701 2639 746 2663 m.
762 2631 786 2664 :2
807 2628 819 2673 n
845 2629 881 2672 2)
908 2638 931 2662 a
957 2639 975 2663 c
1000 2639 1091 2664 corr.
1119 2632 1152 2663 et
1177 2639 1197 2663 c
1221 2639 1248 2664 s.
1275 2638 1342 2663 ser.
1363 2628 1375 2672 ΙΙ
1401 2628 1438 2672 3)
1464 2626 1478 2660 i
1503 2636 1593 2662 eras.
1620 2629 1663 2661 ut
1685 2625 1758 2661 vid.
1779 2627 1792 2670 ss

217 2782 282 2816 per
307 2782 351 2806 ea:
382 2781 448 2816 pro
481 2782 571 2806 corr.
614 2772 619 2815 1
659 2770 825 2805 futuram
867 2771 871 2816 1
912 2771 1084 2805 uibentes
1110 2783 1156 2806 m.
1173 2775 1205 2815 1,
1238 2769 1410 2805 uiuentes
1435 2781 1480 2804 m.
1497 2773 1521 2805 2
1569 2771 1575 2812 Ι
1614 2767 1842 2814 propositios
1874 2779 1918 2803 m.
1938 2771 1971 2812 1,

217 2830 400 2876 propitios
426 2843 470 2865 m.
487 2835 511 2867 :2
542 2832 546 2875 Ι
574 2830 644 2864 hoc
671 2831 729 2864 est
763 2832 766 2874 Ι
803 2830 1003 2875 gramatici
1026 2834 1030 2872 1
1053 2830 1211 2864 troianis
1238 2842 1283 2865 ex
1307 2829 1477 2864 troianus
1503 2840 1594 2864 corr.
1627 2831 1639 2873 ΙΙ
1672 2832 1703 2864 1.
1730 2826 1969 2873 Agraedulae

217 2901 261 2924 esc
287 2890 526 2934 Agraedillae
553 2891 591 2925 in
619 2890 724 2924 scrib.
753 2901 842 2925 corr.
864 2892 875 2935 Η
896 2894 927 2925 3.
954 2889 1081 2924 fedum
1105 2890 1109 2933 l
1131 2900 1289 2934 prauam
1314 2900 1359 2924 ea*
1382 2899 1538 2933 pernam
1564 2899 1656 2924 corr.
1680 2890 1684 2933 Ι
1709 2888 1754 2922 de
1780 2887 1830 2933 gl.
1857 2887 1932 2922 cod.
1959 2886 1972 2933 ΙΙ

220 2956 250 2983 ὅ.
285 2948 455 2984 catillina
500 2952 505 2990 1
553 2948 747 2983 sallustius
785 2961 830 2984 ea?
868 2948 1066 2984 salluscius
1106 2961 1197 2984 corr.
1224 2952 1308 2985 m.2
1347 2949 1352 2995 Ι
1398 2947 1605 2993 pollicebat
1635 2959 1680 2983 m.
1696 2951 1730 2991 1,
1767 2945 1972 2991 pellicebat

220 3011 300 3042 m.4
335 3013 339 3051 1
375 3008 440 3042 alii
477 3010 579 3043 sarta
605 3021 648 3043 m.
667 3012 698 3052 1,
733 3008 818 3043 aliis
845 3011 970 3044 castra
996 3011 1075 3043 φημί
1112 3011 1115 3051 1
1151 3019 1289 3053 coquos
1322 3020 1366 3043 m.
1383 3012 1415 3052 1,
1455 3018 1568 3051 equos
1596 3010 1678 3042 m.4
1716 3007 1728 3051 ΙΙ
1767 3009 1821 3041 10.
1848 3004 1968 3049 partis

219 3079 263 3102 m.
283 3072 312 3111 1,
349 3069 480 3111 pastus
518 3072 600 3103 1114
638 3070 649 3113 Η
690 3072 742 3104 15.
778 3068 874 3103 alter
907 3079 1042 3103 sonans
1083 3069 1087 3113 1
1127 3068 1288 3102 reboant
1324 3078 1420 3112 quae
1458 3080 1502 3102 m.
1519 3071 1551 3111 1,
1588 3066 1820 3110 reboantque
1845 3068 1927 3100 m.4
1967 3067 1971 3112 ξ

222 3129 275 3161 18.
304 3125 462 3160 dicimus
488 3127 609 3161 habeo
635 3130 646 3173 11
675 3131 730 3162 21.
758 3127 921 3162 Alumna.
940 3129 951 3172 ΙΙ
