2221 3490
204 129 291 171 552

205 239 337 281 Estas
370 237 510 293 prima
543 235 691 276 adulta
723 248 902 289 preceps

205 309 482 352 Exercitatus
514 305 681 362 peritus

206 382 427 436 Exceptus
459 379 610 420 fraude
644 377 966 420 circumuentus

206 452 459 495 Exinanitio
494 449 736 492 annullatio

171 543 186 567 5
205 524 343 566 Extat
375 525 601 578 permanet

206 630 374 673 Fatalis
407 629 634 672 mortifera

206 703 367 744 Fastus
400 701 502 743 fasti
538 702 639 744 libri

206 773 378 816 Fabilla
411 773 569 815 deserti
602 772 718 830 ignis
753 773 946 816 scintilla

208 845 372 889 Felices
406 845 572 888 fertiles

156 939 188 962 ιο
208 917 460 961 Fornicatio
479 918 593 960 enim
615 918 774 960 dicitur
788 917 1066 959 afornicibus

265 991 378 1033 idest
400 990 589 1032 arcuatis
612 990 812 1032 domibus
834 989 910 1032 ubi
932 1005 1068 1031 mere-

266 1062 396 1105 trices
429 1063 603 1118 publice
637 1062 1028 1118 prosternebantur

207 1135 368 1178 Forum
401 1135 561 1177 dicitur
594 1134 668 1176 ubi
700 1133 878 1189 publica
910 1134 1069 1177 iudicia

269 1209 523 1249 exercentur

211 1280 242 1322 F
249 1281 471 1322 omentum
506 1278 823 1320 nutrimentum

210 1353 353 1395 Fucus
388 1366 524 1408 genus
550 1351 684 1393 herbe
712 1365 849 1407 genus
878 1366 972 1393 cere
1001 1365 1070 1407 ge-

270 1439 351 1466 nus
378 1423 684 1466 medicamenti
707 1426 750 1464 et
777 1426 879 1464 sunt
906 1423 1069 1465 similes

271 1496 426 1552 apibus

212 1568 421 1610 Furiosus
452 1582 563 1623 aquo
591 1567 712 1609 furor
738 1581 975 1622 numquam
1010 1582 1071 1607 re-

272 1640 385 1683 cedit

160 1730 191 1755 15
213 1712 419 1754 Furiatus
454 1712 527 1767 qui
560 1711 668 1754 furit
702 1727 886 1754 excausa

214 1784 413 1827 Furienti
444 1783 628 1826 nimium
661 1783 827 1826 dolenti

213 1857 300 1899 Fur
333 1856 486 1898 afuruo
520 1856 633 1898 idest
664 1856 792 1912 nigro
823 1855 982 1898 dicitur

216 1929 373 1971 Fultus
407 1930 679 1969 sustentatus

216 1999 390 2055 Fussstis
410 2015 489 2042 uas
518 2000 608 2041 lato
632 2015 704 2042 ore
731 1999 865 2041 fundo
887 2001 1074 2054 angusto

163 2090 197 2113 20
216 2071 473 2113 Frustratur
505 2071 723 2126 decipitur

219 2177 330 2222 Gala
368 2179 508 2221 omnis
547 2179 714 2221 fructus
755 2181 821 2220 est
863 2178 932 2220 uel
973 2192 1076 2233 opes

277 2251 494 2293 rusticane

220 2323 418 2379 Gargara
449 2322 673 2365 cacumina
708 2322 868 2364 montis
902 2322 970 2364 ide

221 2386 507 2437 Garamantes
537 2393 687 2449 populi
715 2394 829 2436 inter
854 2393 1006 2436 libiam
1035 2397 1077 2435 et

280 2467 460 2509 africam

222 2537 414 2581 Genialis
447 2538 711 2593 uoluptuosa

168 2624 202 2650 25
224 2609 335 2652 Gese
366 2610 491 2652 haste
525 2609 741 2665 gallorum

223 2681 387 2723 Gnosia
429 2681 642 2722 cretensia
680 2680 792 2722 unde
832 2685 875 2723 et
917 2696 1079 2737 gnosos

282 2751 440 2795 ciuitas
474 2755 589 2794 crete

225 2824 382 2866 Glarea
415 2824 529 2866 sicca
561 2827 605 2866 et
638 2825 801 2867 sterilis
835 2829 952 2868 terra

226 2895 367 2937 Graue
401 2896 515 2950 quod
548 2911 624 2952 per
656 2899 859 2938 naturam
887 2900 953 2939 est
979 2912 1082 2952 pon-

285 2968 486 3009 derosum

227 3037 468 3080 Grauatum
502 3039 617 3093 quod
654 3039 892 3081 honeratur
925 3039 1085 3081 extrin-

287 3124 409 3151 secus

605 124 860 161 EXCERPTA
886 124 951 158 EX
976 123 1149 160 CODICE
1177 123 1458 160 CASSINENSI
1484 127 1552 158 402

1100 233 1289 275 Haretin
1321 233 1463 275 uirtus

1101 305 1305 347 Hecficus
1337 304 1507 346 fructus
1541 304 1710 346 arboris

1102 377 1186 419 Hic
1218 377 1325 419 ficus
1359 376 1517 418 uitium
1552 377 1746 431 corporis

1980 245 2014 271 30

1101 448 1277 504 Hymen
1309 448 1509 490 minister
1540 448 1794 503 nuptiarum

1104 520 1312 562 Hircania
1346 521 1458 563 silua
1491 520 1636 563 arabie

1103 593 1239 635 Hisco
1272 592 1392 634 hiare
1424 607 1503 635 nec
1534 592 1656 647 loqui
1687 607 1816 647 posse

1107 663 1258 706 Hiberi
1303 678 1409 720 gens
1455 664 1638 719 inponto
1684 666 1727 706 et
1770 664 1963 706 latrones

1163 736 1337 791 hispani

1104 809 1322 850 Horresco
1356 822 1543 863 pauesco
1576 813 1789 850 tremesco

1107 880 1376 923 Horrificant
1408 879 1637 923 horrorem
1670 879 1838 923 faciunt

1982 605 2018 630 35

1107 1024 1206 1067 Iam
1239 1025 1400 1066 dudum
1434 1039 1564 1079 quam
1597 1024 1786 1079 primum

1107 1096 1250 1138 Iactat
1281 1096 1430 1138 laudat
1463 1096 1680 1151 gloriatur

1106 1168 1303 1210 Iaculum
1336 1167 1500 1224 sagitta

1986 1107 2021 1132 40

1107 1241 1363 1282 Incumbere
1396 1240 1561 1282 instare

1107 1311 1439 1355 Incommodum
1475 1313 1680 1354 damnum

1110 1385 1347 1440 intercepit
1379 1384 1599 1440 subripuit

1108 1456 1305 1498 Inculcat
1336 1456 1540 1499 inmiscet
1571 1456 1726 1499 inserit

1110 1528 1226 1570 Inito
1262 1528 1467 1571 inchoato

1109 1601 1257 1642 Intiua
1288 1601 1457 1643 cicorea
1488 1601 1625 1658 herba
1652 1600 1776 1643 cuius
1804 1598 1970 1641 radices

1171 1672 1305 1715 multe
1327 1675 1371 1714 et
1391 1676 1543 1714 tenues
1565 1674 1667 1714 sunt
1689 1671 1890 1713 ambiunt
1910 1685 1971 1712 se-

1171 1748 1294 1801 getes
1327 1747 1371 1786 et
1402 1747 1559 1786 necant

1111 1816 1307 1872 Inspicat
1343 1816 1498 1858 incidit
1543 1815 1669 1857 findit
1707 1816 1753 1857 in
1796 1815 1971 1857 modum

1173 1888 1289 1943 spice

1113 1960 1338 2002 Inhorruit
1371 1959 1600 2002 intremuit

1113 2033 1296 2088 Indulge
1330 2032 1384 2074 da
1417 2047 1596 2087 operam

1114 2105 1262 2146 Intiba
1295 2118 1376 2159 que
1410 2104 1544 2160 uulgo
1579 2104 1764 2146 scariola
1791 2106 1973 2145 uocatur

1116 2176 1326 2218 Interitus
1353 2176 1495 2218 dietus
1523 2175 1647 2230 quasi
1680 2174 1973 2217 interueniens

1117 2247 1346 2290 Inchorius
1379 2250 1536 2289 uentus
1570 2246 1806 2302 regionalis

1988 1465 2023 1490 45

1991 2042 2026 2067 50

1114 2320 1275 2375 Inpexe
1307 2319 1504 2362 inuolute

1115 2392 1266 2434 Incute
1302 2392 1413 2434 inice
1997 2402 2028 2427 55

1116 2464 1342 2506 Intentant
1375 2463 1597 2505 minantur

1117 2535 1336 2591 Increpito
1371 2535 1510 2578 clamo
1547 2548 1683 2590 arguo

1117 2607 1318 2649 Infensus
1350 2607 1448 2662 plus
1483 2621 1613 2661 quam
1645 2605 1848 2648 inimicus

1118 2679 1292 2735 Ingruit
1324 2678 1493 2720 inuadit

1117 2751 1323 2793 Interluit
1354 2751 1469 2792 inter
1501 2750 1665 2792 labitur

1120 2822 1400 2864 Inconsultus
1441 2823 1514 2878 qui
1552 2837 1640 2864 non
1680 2821 1840 2877 accipit
1878 2836 1980 2863 con-

1181 2894 1328 2936 silium

1998 2760 2032 2786 60

1120 2965 1388 3020 Intempesta
1433 2965 1576 3007 media
1619 2954 1979 3007 inactuosa'sine

1182 3040 1377 3092 tempore

1122 3108 1314 3151 Inlubies
1348 3109 1496 3151 sordes
