2221 3490
265 161 348 202 658

264 269 476 312 Conibere
510 273 575 312 est
608 271 840 312 concedere

264 340 437 397 Septem
477 344 578 383 sunt
621 341 800 397 uigiliae
844 342 986 384 noctis
1033 358 1118 384 cre-

321 413 549 468 pusculum
579 413 652 454 fax
678 413 939 455 concubium
965 414 1117 455 intem-

319 487 443 539 pesta
507 484 776 540 gallicinium
834 485 1117 527 conticinium

320 571 476 598 aurora
517 557 816 611 crepusculum
856 557 970 598 circa
1007 557 1116 599 hora

908 629 1116 671 claudunt

320 714 450 754 opera
494 700 566 741 fax
611 701 784 754 quando
821 701 1116 743 accenduntur

319 628 592 670 undecimam
665 629 834 683 quando

318 771 483 812 lumina
523 771 780 813 concubium
814 773 983 826 quando
1022 773 1115 815 dor-

318 843 452 884 mitur
496 844 761 898 intempesta
806 844 976 897 quando
1028 845 1117 886 alta

317 929 402 956 nox
424 917 490 955 est
515 913 786 969 gallicinium
813 916 984 969 quando
1005 916 1115 971 pulli

318 989 496 1028 cantant
529 1001 685 1027 aurora
716 1001 851 1041 prope
884 987 1025 1029 lucem

257 1057 357 1098 Tria
386 1060 487 1098 sunt
514 1071 673 1113 genera
705 1057 896 1099 fatorum
923 1059 1113 1113 primum

316 1128 540 1170 immobile
568 1129 803 1171 secundum
828 1131 941 1185 quod
968 1134 1116 1185 potest

317 1201 457 1242 differi
489 1201 668 1242 tertium
704 1201 819 1255 quod
852 1202 1043 1244 flectitur

255 1272 490 1327 Purpurati
534 1272 736 1314 dicuntur
781 1273 944 1315 milites
988 1275 1114 1316 satel-

315 1345 415 1386 lites
439 1344 624 1386 maiores
648 1344 760 1386 circa
786 1347 1019 1399 tyrannum
1042 1347 1114 1402 qui

316 1419 418 1457 sunt
445 1416 595 1458 eodem
621 1417 717 1459 loco
747 1431 831 1471 quo
858 1418 1033 1471 tyranni
1061 1420 1113 1460 ad

295 1487 617 1543 .depellendum
662 1487 775 1529 forte
819 1489 854 1529 si
900 1490 995 1544 quis
1041 1506 1114 1532 uo-

315 1560 469 1601 luisset
502 1559 693 1601 occidere

220 1646 236 1670 5
255 1631 524 1687 Interpolata
586 1632 817 1674 interiecta
872 1633 1114 1676 interuulsa

314 1703 601 1745 interfuscata
633 1704 838 1759 uarieque
871 1705 1087 1747 maculata

257 1777 450 1818 Auersor
483 1776 678 1817 detestor

257 1846 390 1903 Orgia
423 1862 545 1889 sacra
577 1847 704 1888 liberi
736 1848 877 1903 patris

258 1918 530 1961 Stromatum
570 1934 678 1974 opus
719 1934 770 1961 ex
809 1921 943 1962 uariis
983 1922 1113 1963 rebus

316 1994 569 2033 contextum

259 2062 450 2118 Stropha
482 2062 710 2117 inpostura
745 2063 1052 2119 tergiuersatio

205 2148 237 2172 ιο
259 2133 488 2176 Simnistes
516 2135 642 2190 quasi
664 2135 862 2177 conscius
891 2150 1113 2177 sacrorum

258 2205 525 2261 Sicophanta
559 2207 848 2249 calumniator

259 2278 570 2333 Sarmacopula
598 2279 863 2320 medicamen
891 2279 959 2321 uel
985 2280 1114 2321 medi-

317 2353 513 2392 camenta
555 2365 801 2405 proponens
836 2351 888 2391 ad
926 2351 1113 2392 uenden-

317 2423 419 2464 dum

257 2494 345 2535 Fac
379 2493 611 2547 aliquando
645 2508 722 2548 pro
756 2493 871 2549 finge
900 2494 1113 2549 accipitur

259 2564 470 2607 Consulto
492 2580 543 2606 ex
570 2565 785 2606 sententia
810 2580 860 2606 ex
887 2566 1113 2607 uoluntate

318 2638 368 2679 de
401 2636 615 2678 industria

206 2722 238 2745 15
258 2707 451 2749 Nuntius
473 2708 547 2763 qui
573 2708 748 2749 nuntiat
774 2708 975 2749 nuntium
1002 2708 1115 2763 quod

316 2780 543 2821 nuntiatur

260 2851 395 2893 Dolor
427 2866 626 2906 premens
660 2865 797 2906 angor
830 2851 988 2892 dicitur

260 2921 537 2964 Officiosores
583 2923 785 2964 dicuntur
837 2922 909 2976 qui
960 2922 1116 2963 uolunt

320 2995 370 3034 ad
414 3009 539 3035 suum
578 2993 771 3035 officium
810 2994 984 3048 proprie
1024 3008 1116 3047 per-

322 3065 456 3106 tinere
495 3068 544 3106 ut
585 3065 757 3120 rapiant
790 3079 940 3107 causas
975 3065 1114 3107 defen-

321 3137 478 3177 dendas

669 161 884 197 GLOSSAE
911 161 1095 197 CODICIS
1121 161 1243 197 LElD.
1270 162 1401 198 VOSS.
1427 162 1532 198 LAT.
1561 167 1606 198 88

1158 271 1387 327 Ignoscere
1421 274 1488 314 est
1521 272 1685 314 erranti
1712 272 1812 314 dare
1839 273 2012 314 ueniam

1157 341 1430 399 Cognoscere
1463 345 1529 385 est
1562 346 1778 384 errantem
1812 343 1958 386 audire

1157 412 1292 455 Cissis
1326 429 1462 469 genus
1495 414 1684 456 uehiculi
1718 415 1865 470 gallici

1155 484 1446 527 Volaterrana
1478 501 1637 528 nomen
1670 486 1864 528 ciuitatis

1154 556 1376 611 Mancipes
1441 557 1717 612 appellantur
1777 558 2011 600 secundum

1215 629 1426 683 quosdam
1473 629 1546 683 qui
1592 629 1768 684 aliquod
1818 630 2010 685 uectigal

1213 701 1450 742 reddebant

1157 772 1436 814 Veteratores
1465 772 1569 814 dicti
1604 775 1705 814 sunt
1733 773 1848 814 serui
1876 774 2011 815 astuti

1156 842 1354 886 Sectores
1388 844 1644 886 dicebantur
1674 845 1749 899 qui
1775 846 1890 887 bona
1916 860 2012 900 pro·

1214 915 1477 970 scriptorum
1510 917 1714 957 emebant

1152 985 1335 1042 Frugies
1369 988 1401 1042 (i
1435 1002 1465 1029 s,
1492 986 1546 1043 v.)
1580 988 1784 1030 dicuntur
1815 987 1998 1029 infames

1155 1058 1431 1100 Automedon
1445 1074 1602 1101 nomen
1622 1074 1702 1114 pro
1721 1058 1865 1113 prium
1882 1058 2012 1100 achil-

1212 1131 1267 1172 lis
1301 1131 1450 1186 aurige

1154 1200 1193 1243 N
1199 1202 1426 1243 auicularii
1459 1204 1561 1243 sunt
1587 1201 1660 1256 qui
1688 1202 2012 1244 transferebant

1214 1274 1433 1315 frumenta
1465 1274 1511 1315 in
1538 1274 1690 1315 urbem
1718 1276 1794 1315 aut
1820 1274 2012 1315 ubicum-

1215 1360 1296 1399 que
1331 1348 1423 1387 erat
1455 1345 1695 1400 imperator

1155 1415 1313 1472 Sinope
1348 1420 1391 1458 et
1424 1417 1586 1459 amisus
1620 1416 1822 1458 ciuitates
1855 1415 1980 1470 ponti

1152 1488 1431 1531 Centuriatus
1467 1489 1570 1530 ordo
1604 1491 1670 1530 est
1710 1487 1913 1529 militaris
1953 1487 2012 1528 di-

1212 1561 1357 1615 gnitas

1151 1631 1353 1674 Prestare
1406 1632 1638 1687 aliquando
1697 1630 1875 1685 ponitur
1929 1645 2009 1684 pro

1212 1704 1467 1759 promittere

1152 1775 1432 1817 Exercitatus
1479 1775 1637 1817 dicitur
1677 1773 1751 1829 qui
1795 1773 1840 1814 in
1884 1773 2010 1815 bonis

1213 1848 1384 1889 actibus
1407 1861 1622 1888 summam
1648 1844 1853 1900 peritiam
1877 1844 2011 1886 habet

1152 1919 1429 1961 Exercitatus
1479 1922 1625 1961 autem
1672 1917 1745 1972 qui
1795 1917 2010 1958 malorum

1211 1991 1414 2046 peritiam
1447 1991 1581 2031 habet

1155 2063 1381 2105 Statutum
1404 2065 1469 2104 est
1491 2061 1605 2116 quod
1631 2074 1806 2101 necesse
1828 2062 1895 2100 est
1915 2058 2009 2099 fieri

1212 2135 1422 2177 indictum
1469 2133 1581 2188 quod
1623 2131 1675 2172 ad
1721 2134 1893 2185 tempus
1940 2129 2011 2170 de—

1213 2207 1364 2248 finitur

1155 2278 1279 2327 Quod
1311 2277 1533 2319 inuenitur
1565 2275 1732 2316 inarcas
1766 2273 2009 2315 coiciuntur

1211 2349 1308 2391 loca
1342 2351 1443 2390 sunt
1474 2348 1519 2388 in
1546 2346 1641 2388 foro
1669 2345 1745 2386 ubi
1778 2344 2011 2398 torquendi

1214 2420 1329 2462 serui
1362 2419 1689 2461 collocabantur
1721 2415 1874 2471 nequis
1912 2430 2010 2457 cum

1211 2492 1280 2533 his
1313 2491 1433 2546 loqui
1465 2489 1606 2545 possit

1154 2564 1274 2619 Popa
1301 2563 1475 2618 quidam
1501 2560 1727 2617 proprium
1752 2573 1909 2600 nomen
1937 2572 2009 2599 uo-

1214 2636 1310 2677 lunt
1344 2635 1519 2690 quidam
1553 2645 1761 2687 coponem

1155 2706 1484 2762 Conquisitores
1547 2704 1748 2745 dicuntur

1214 2779 1448 2833 scriptores

1156 2850 1347 2892 Versura
1373 2862 1498 2890 omne
1526 2846 1720 2888 debitum
1752 2845 1899 2900 potest
1926 2842 2010 2884 dici

1216 2921 1289 2963 sed
1321 2919 1495 2974 proprie
1522 2917 1681 2960 dicitur
1706 2929 1886 2957 uersura
1912 2928 2009 2956 cum

1214 2993 1267 3033 ab
1312 2992 1454 3048 altero
1489 3004 1658 3032 sumam
1697 2986 1926 3042 pecuniam
1966 2987 2010 3026 et

1214 3064 1351 3105 altero
1395 3063 1518 3104 soluo
1561 3059 1684 3117 quasi
1726 3071 1901 3100 uersum
1942 3056 2010 3097 de-

1214 3135 1356 3176 bitum

1819 2700 2007 2742 militum

2032 427 2066 452 20

2032 999 2067 1024 25

2031 1643 2065 1668 30

2030 2569 2064 2594 35
