2221 3490
225 120 313 163 440

226 230 383 274 Anitas
418 233 614 272 senectus

228 301 386 343 Anitus
420 300 586 342 senium
619 302 817 342 senatum

229 372 489 414 Annicolum
522 371 650 413 unius
684 370 785 412 anni
818 370 1009 426 spatium

228 444 459 486 Annilotas
505 445 703 485 senectus
752 456 834 497 que
877 441 1080 483 inanimis

288 515 379 557 cedi
412 517 460 557 ut
494 514 723 557 maledicta
755 514 799 555 in
831 513 926 554 uiro

192 583 348 629 5'Anos
382 585 629 628 rotunditas
662 600 737 627 seu
769 587 1002 626 ueteranus

226 658 435 713 Anquirit
467 657 659 713 inquiret

227 730 357 772 Ansit
379 733 477 771 ante
500 727 688 784 caeperit
714 728 832 783 prius
858 727 1081 783 prenderit

287 804 385 843 ante
417 800 569 843 fecerit

228 874 344 914 Anta
376 872 527 914 tabula

228 945 341 986 Ante
375 945 529 986 cellere
563 943 814 985 antecedere
853 941 1078 998 preuenire

176 1031 205 1054 10
226 1016 341 1058 Ante
374 1016 565 1072 cognitio
598 1014 799 1071 presagio

226 1087 492 1144 Antegerere
537 1102 614 1142 per
661 1101 788 1141 quem
833 1085 1080 1127 ammodum

286 1159 394 1202 scire
439 1158 719 1201 interuallum
764 1158 970 1199 arborum
1011 1157 1078 1198 uel

286 1230 476 1286 spatium
508 1230 622 1271 inter
654 1229 761 1271 duos
796 1231 966 1270 montes

227 1302 432 1344 Anterior
463 1302 582 1357 prior

228 1373 459 1416 Anteriora
490 1373 637 1428 priora

228 1445 457 1487 Antestare
491 1447 590 1486 ante
621 1444 685 1486 ire
718 1444 785 1486 uel
820 1443 1041 1485 defensare

178 1531 207 1554 15
230 1516 526 1572 Anticipasset
552 1519 652 1557 ante
679 1515 869 1570 caeperit
893 1517 935 1556 et
961 1514 1080 1569 prius

285 1587 564 1643 prehenderit

226 1657 459 1714 Anticippe
518 1673 659 1700 mores
711 1673 793 1713 que
844 1661 942 1700 ante
994 1658 1082 1700 sint

287 1731 425 1786 geniti

228 1800 361 1843 Antia
392 1802 513 1843 locus
546 1801 722 1843 relictus
755 1801 896 1843 hostis

230 1872 358 1927 Antie
398 1872 544 1927 capilli
585 1873 733 1914 amissi
779 1873 847 1915 uel
894 1873 1079 1916 cincinni

287 1959 362 1998 per
390 1959 498 1999 quos
532 1943 761 1986 uideantur
789 1959 880 1986 esse
912 1945 1079 2000 priores

229 2014 408 2057 Antiare
443 2015 584 2058 aurire
618 2019 693 2058 aut
724 2017 770 2058 in
806 2016 951 2071 aliquo
983 2016 1079 2058 loco

289 2086 432 2129 officio
467 2091 687 2129 merentur
719 2089 917 2130 laborare

175 2173 208 2197 ευ
230 2157 470 2213 Antiquare
503 2161 695 2201 ueterem
727 2160 840 2201 idest
869 2162 917 2201 ut
949 2159 1081 2200 fuerit

288 2230 434 2271 uidere
461 2231 685 2285 antiquam
713 2246 804 2273 esse
835 2231 903 2273 uel
930 2233 1081 2272 notare

230 2301 369 2343 Antro
404 2317 532 2343 seuus
561 2302 743 2345 crudelis
775 2303 844 2344 uel
879 2303 1082 2358 spelunca

229 2373 447 2415 Antruare
480 2374 668 2416 nondare

229 2444 350 2486 Anus
368 2445 580 2501 longeuus
599 2460 727 2487 senex
747 2447 895 2488 uetula
916 2445 1083 2488 anicola

230 2515 474 2558 Anxietudo
508 2516 724 2558 cruciatus
758 2517 890 2558 animi

177 2600 210 2624 :5
232 2586 408 2628 Anxiati
440 2587 652 2629 nominati
685 2588 830 2630 uocati

233 2659 446 2700 Auxilites
481 2673 581 2700 aues
614 2659 855 2714 auspicium

231 2729 493 2772 Anxiliosire
528 2732 835 2774 consolatrices
869 2731 974 2773 dicit

232 2800 571 2856 Apparatorium
610 2804 684 2845 ubi
717 2818 784 2845 res
818 2805 1082 2858 apparantur

231 2871 382 2928 Apage
404 2874 676 2928 prouerbiale
696 2890 781 2916 uox
802 2875 1081 2916 adum-santes

289 2943 364 2985 illa
397 2944 601 2988 aduersus
636 2960 716 3001 que
750 2946 854 2987 (licit

766 119 1019 154 EXOERPTA
1049 119 1112 154 EX
1139 118 1331 155 GLOSSIS
1358 119 1389 154 A
1409 119 1440 153 A

1117 229 1326 284 Apexabo
1365 228 1576 271 furcirnen
1615 244 1666 270 ex
1702 229 1784 272 hoc
1825 231 1969 271 rotun·
1989 240 2022 265 30

1177 300 1279 342 dum

1119 371 1334 427 Apicones
1368 371 1578 414 subuinea
1609 371 1731 428 uirge

1119 443 1356 499 Apiternus
1391 444 1464 498 qui
1495 443 1564 485 his
1598 443 1725 485 rebus
1759 446 1877 486 caret

1117 514 1344 570 Apodixen
1377 514 1566 557 ostentio

1117 586 1341 642 Apissimo
1376 586 1718 643 ostiolagissimo

1118 658 1412 714 Apoliterium
1445 658 1519 700 ubi
1557 661 1777 713 ponuntur
1810 673 1876 701 res
1914 659 1971 700 la-
1991 668 2026 694 35

1179 730 1377 771 uantium

1118 800 1338 856 Apricitas
1372 801 1490 843 calor

1116 872 1362 928 Appagesis
1396 872 1782 916 recedesisanussis

1117 944 1381 1000 Apostatare
1413 944 1595 986 retroire
1628 944 1899 999 preuaricare

1118 1016 1348 1071 Apiciosus
1382 1014 1531 1058 caluus

1118 1087 1345 1143 Aplustria
1378 1090 1632 1128 ornamenta
1662 1086 1787 1129 nauis
1992 1099 2026 1123 40

1119 1158 1397 1214 Appetebant
1430 1158 1839 1214 adpropinquabant

1118 1229 1315 1285 Apagete
1350 1229 1513 1285 aperite

1119 1302 1355 1356 Apostates
1395 1301 1632 1356 eospositio
1666 1302 1824 1345 dicitur
1862 1303 1971 1344 unde

1178 1375 1222 1414 et
1254 1373 1447 1414 thesauri
1480 1373 1721 1428 apositione
1754 1374 1859 1417 dicti

1118 1444 1316 1500 Apoplea
1349 1445 1564 1500 scriptura

1120 1516 1355 1572 Apolioten
1389 1517 1648 1559 subsolanus
1992 1529 2026 1554 45

1120 1587 1326 1643 Apartias
1359 1588 1708 1642 septentrionalis

1120 1659 1330 1715 Aplustra
1363 1663 1631 1702 armamenta
1662 1661 1840 1703 nauium

1120 1731 1324 1786 Aplunda
1355 1730 1544 1786 paniculi
1577 1734 1621 1773 et
1653 1733 1770 1774 milei

1120 1802 1461 1858 Apristigiatore
1496 1802 1771 1846 afraudatore

1121 1873 1237 1929 Apto
1270 1874 1549 1929 peloponisus
1993 1886 2027 1912 50

1119 1946 1259 2000 Aptra
1290 1945 1463 1987 foliauit
1496 1961 1546 1988 ea

1118 2016 1236 2072 Apto
1264 2017 1354 2073 ligo
1382 2017 1492 2059 unde
1520 2020 1563 2059 et
1590 2033 1691 2073 apes
1719 2018 1830 2061 dicte
1859 2020 1972 2075 quod

1180 2089 1409 2144 sepedibus
1444 2089 1630 2131 inuicem
1662 2090 1801 2145 ligent

1118 2159 1425 2215 Aqualiculum
1456 2160 1747 2203 uentriculum

1119 2231 1353 2286 Aquileum
1386 2246 1560 2274 suseum
1592 2232 1766 2288 nigrum
1799 2236 1942 2276 atrum

1121 2303 1401 2358 Aqueductus
1435 2318 1586 2345 cursus
1620 2319 1828 2360 aquarum
1991 2316 2026 2341 ⁵5

1120 2374 1285 2417 Araxes
1324 2375 1483 2417 fluuius
1526 2376 1714 2431 armenie
1752 2376 1797 2418 in
1837 2377 1973 2419 orien-

1180 2450 1268 2488 tem
1300 2446 1362 2488 ibi
1395 2450 1438 2488 et
1470 2447 1628 2489 ararim

1120 2518 1256 2560 Arase
1288 2517 1427 2560 lauari

1119 2589 1345 2631 Arrabone
1378 2604 1521 2631 arram
1553 2589 1620 2631 uel
1652 2589 1811 2646 pignus

1120 2660 1314 2702 Arbutus
1344 2675 1549 2703 comanus
1571 2661 1637 2703 cui
1657 2662 1788 2717 uulgo
1815 2678 1972 2705 nomen

1180 2735 1246 2774 est
1281 2734 1413 2774 uncto

1120 2804 1241 2845 Arba
1273 2803 1484 2859 agriterra
1516 2803 1655 2846 iurate

1119 2873 1298 2916 Arcedti
1330 2874 1473 2916 uocati

1123 2946 1280 2987 Arciua
1313 2960 1414 2987 aues
1446 2948 1598 2988 uetans

1991 2815 2026 2841 60

327 3100 358 3131 4.
387 3097 496 3131 cedat
523 3098 587 3132 aut
614 3098 644 3133 b.
679 3098 789 3132 cobat
815 3099 880 3132 aut
906 3111 928 3134 a
954 3099 965 3143 ΙΙ
985 3101 1039 3134 20.
1068 3099 1193 3133 uetere
1213 3099 1263 3134 ab
1283 3100 1294 3143 ll
1315 3101 1368 3133 52.
1391 3108 1433 3133 eo
1455 3098 1554 3142 quod
1575 3111 1598 3133 ιι
1616 3099 1628 3142 ΙΙ
1648 3101 1701 3133 54.
1724 3098 1868 3133 fuscum
1888 3099 1939 3134 ab
1958 3099 1970 3144 Η
