2216 3402
139 1995 172 2020 10

641 88 880 124 PLACIDVS
906 90 1049 125 LIBRO
1057 89 1159 124 RVM
1185 89 1500 124 ROMANORVM

192 196 444 239 Diuortium
483 197 664 239 dicimus
703 213 801 239 cum
838 198 993 240 mulier
1026 215 1051 240 a

250 269 346 310 uiro
379 268 617 311 diuortium
648 269 767 311 facit.

192 340 393 382 Deuertit
418 356 521 383 uero
550 340 624 395 qui
651 355 675 382 a
694 341 766 382 uia
785 341 855 382 uel
881 340 1049 382 ratione

252 413 426 454 deflexit
458 415 605 454 tamen
637 427 734 454 cum
767 412 955 453 deuertit
987 412 1051 453 di-

252 486 375 526 catur
412 484 701 526 diuersorium
740 484 880 539 magis
920 498 1049 538 quam

252 555 548 597 deuersorium
582 569 686 596 usus
720 554 912 596 obtinuit
945 569 1049 610 ergo

251 630 483 682 utrumque
503 641 584 668 usu
605 629 647 668 et
667 626 836 668 ratione
855 625 1049 667 dicimus.

192 697 412 740 Decontra
454 698 581 739 uideo
627 698 786 739 dicitur
832 712 915 739 usu
963 712 1051 739 non

250 770 419 811 ratione
459 770 533 811 sed
571 769 727 811 melius
767 772 834 811 est
875 772 1052 811 econtra

252 857 382 897 quam
414 842 630 883 decontra.

191 913 438 955 Destrictus
471 913 563 954 sine
596 928 659 954 .n.
693 913 921 955 scribimus
963 928 1051 954 non

251 984 515 1026 destrinctus
543 987 610 1025 est
642 987 787 1025 autem
818 984 1051 1026 destrictus

252 1057 453 1097 adtentus
486 1055 556 1096 uel
589 1069 764 1097 seuerus
793 1071 841 1097 ac
868 1071 954 1098 non
987 1070 1052 1097 so-

251 1128 370 1169 lutus
403 1130 447 1168 et
478 1126 600 1168 lenis.

192 1198 430 1254 Destringo
452 1198 635 1240 uerbum
656 1201 722 1240 est
743 1198 935 1240 actiuum
951 1214 1050 1254 par-

251 1270 403 1325 ticipia
433 1269 540 1311 facit
566 1270 839 1326 destringens
873 1271 1048 1312 destric-

250 1345 374 1383 turus
418 1357 443 1383 a
481 1341 658 1396 passiuo
704 1342 938 1384 destrictus
984 1343 1050 1383 de-

251 1413 541 1469 stringendus.

191 1486 351 1528 Diruos
378 1484 512 1526 diruit
539 1500 637 1527 cum
663 1500 694 1526 r.
722 1485 904 1527 dicimus
933 1485 1048 1527 enim

251 1558 536 1612 deutrumque
552 1559 596 1599 et
610 1556 762 1599 docilis
779 1559 822 1598 et
836 1557 1048 1599 docibilis.

192 1628 484 1684 Dereliquerit
523 1628 671 1671 futuro
715 1629 806 1670 sine
846 1644 908 1671 .n.
948 1628 1049 1670 scri-

250 1701 408 1742 bimus.

191 1771 400 1827 Deripere
437 1786 514 1827 per
544 1787 597 1827 pe
635 1786 725 1814 non
760 1786 838 1827 per
871 1772 917 1827 pi
950 1772 1051 1814 scri-

251 1843 383 1886 bitur.

191 1914 347 1957 Deiero
380 1915 481 1957 deos
512 1915 621 1957 iuro.

191 1986 425 2029 Delibutus
458 1989 614 2029 unctus
648 1989 888 2029 contactus.

192 2058 527 2101 Defunctorium
555 2061 622 2100 est
649 2059 763 2113 quod
796 2058 955 2100 dicitur
980 2058 1049 2100 uel

251 2131 301 2172 fit
332 2133 382 2172 ut
414 2131 468 2172 ad
498 2130 630 2172 finem
662 2130 844 2172 alicuius
881 2130 944 2172 rei
977 2132 1052 2172 aut

251 2201 486 2244 terminum
514 2204 691 2257 spectet.
731 2202 910 2258 defungi
937 2202 1052 2243 enim

251 2273 375 2314 finire
397 2273 616 2329 significat
632 2273 744 2315 unde
764 2272 1052 2315 morientibus

253 2344 448 2386 dicimus.

192 2416 450 2458 Delibutum
491 2415 674 2458 dicimus
711 2416 935 2458 hominem
976 2432 1051 2458 un-

1892 92 1943 132 17

1150 201 1267 240 ctum
1294 198 1388 241 oleo
1414 201 1464 240 ut
1490 199 1680 240 athletae
1708 199 1850 241 solent
1876 201 1944 241 uel

1148 270 1192 311 in
1225 274 1467 312 cereumate
1500 270 1623 325 pueri
1655 285 1850 313 exercere
1884 272 1947 312 di—

1149 341 1285 382 cimus
1330 344 1374 382 et
1414 341 1656 383 delibutum
1701 343 1859 397 gaudio
1906 344 1946 384 id

1148 415 1214 453 est
1245 413 1469 467 perfusum
1501 413 1571 454 uel
1603 413 1792 468 plenum.

1089 482 1243 524 Dumis
1271 485 1498 526 arboribus
1519 485 1588 527 uel
1615 485 1738 527 siluis
1762 487 1947 540 plerum-

1149 569 1230 609 que
1258 556 1446 610 spinosis
1470 559 1513 598 et
1534 557 1731 599 obscuris
1757 558 1947 612 ponitur.

1088 624 1312 680 Decrepiti
1328 642 1415 668 non
1431 629 1504 683 qui
1523 644 1547 669 a
1565 632 1787 671 senectute
1807 630 1947 671 auulsi

1150 700 1251 739 sunt
1267 699 1340 740 sed
1358 698 1445 740 iam
1461 700 1534 754 qui
1550 715 1725 755 crepare
1741 701 1947 743 desierint

1148 769 1191 810 id
1225 772 1290 810 est
1322 770 1443 824 loqui
1477 772 1754 814 cessauerint.

1088 839 1282 882 Dubium
1315 841 1420 896 quin
1450 843 1660 898 numquid
1692 844 1882 887 dubium.

1087 910 1391 967 Driocalaptes
1435 914 1528 955 auis
1572 929 1680 968 quae
1721 915 1767 956 in
1807 917 1947 971 capite

1150 998 1227 1025 suo
1246 983 1291 1025 in
1307 984 1484 1026 modum
1504 985 1609 1041 galli
1625 986 1803 1028 cristam
1817 988 1948 1030 habet

1150 1069 1259 1109 quae
1301 1070 1374 1097 ore
1417 1071 1495 1098 suo
1537 1058 1737 1100 arborem
1780 1059 1948 1101 fodiens

1148 1126 1310 1169 ibidem
1343 1127 1427 1170 sibi
1458 1128 1607 1171 nidum
1639 1130 1758 1172 facit.

1088 1197 1272 1253 Diplosa
1304 1199 1445 1242 diuisa
1476 1201 1546 1242 uel
1580 1205 1791 1256 separata.

1088 1269 1260 1312 Diuidit
1293 1270 1423 1313 dedit.

1088 1340 1302 1383 Deciditis
1335 1344 1488 1385 caditis
1521 1345 1591 1386 uel
1623 1345 1828 1388 inciditis.

1086 1413 1345 1455 Dandantur
1376 1404 1626 1470 frequenter
1658 1417 1827 1459 dantur.

1086 1484 1328 1540 Dispertite
1361 1490 1559 1542 separate
1591 1488 1661 1530 uel
1693 1489 1922 1546 seiungite.

1086 1556 1256 1598 Dididit
1288 1558 1494 1613 dispersit
1520 1560 1767 1616 diuulgauit
1796 1564 1845 1603 ut
1870 1565 1946 1604 tua

1146 1629 1275 1670 terris
1308 1629 1445 1672 didita
1476 1630 1604 1672 fama.

1088 1699 1317 1743 Deciscere
1362 1702 1577 1744 desentire
1628 1704 1698 1746 uel
1744 1705 1945 1760 apposito

1148 1771 1330 1814 alienari
1361 1773 1431 1814 uel
1465 1774 1646 1830 seiungi.

1087 1841 1279 1884 Diriuita
1311 1843 1482 1900 digesta
1512 1846 1582 1887 uel
1615 1849 1817 1901 separata
1849 1848 1949 1889 diri-

1147 1914 1268 1957 uatio
1295 1915 1410 1958 enim
1431 1915 1591 1958 dicitur
1616 1917 1862 1973 aliquarum
1889 1919 1948 1961 di-

1147 1986 1289 2041 gestio
1331 1988 1400 2029 uel
1439 1989 1655 2043 separatio
1697 1990 1808 2032 unde
1850 1990 1949 2032 diri-

1147 2061 1323 2100 uatores
1368 2059 1571 2102 dicuntur
1615 2060 1690 2116 qui
1738 2062 1948 2116 populum

1147 2144 1224 2184 per
1257 2131 1451 2173 centuria
1485 2134 1528 2173 et
1560 2132 1702 2174 tribus
1736 2134 1948 2176 diuidunt.

1089 2199 1362 2255 Deplicuisse
1381 2202 1426 2243 in
1443 2203 1658 2258 liquorem
1675 2207 1719 2246 et
1733 2204 1949 2247 defectum

1151 2287 1405 2315 conuersam
1438 2289 1543 2317 esse.

1089 2344 1330 2400 Decluptus
1362 2346 1474 2401 pelle
1502 2350 1656 2389 exutus
1688 2347 1731 2388 id
1758 2351 1824 2390 est
1850 2351 1947 2390 cute

1151 2416 1375 2471 spoliatus.

291 2598 321 2629 1.
355 2592 573 2628 Diuorcium
599 2605 622 2627 α
659 2594 670 2636 ΙΙ
709 2597 740 2626 2.
774 2591 938 2627 Diuertit
963 2604 982 2628 c
1016 2594 1020 2638 Ι
1055 2592 1147 2627 facit
1178 2597 1263 2629 ante
1289 2593 1442 2628 deflexit
1471 2597 1648 2641 scriptum
1674 2608 1752 2641 exp.
1780 2609 1824 2631 m.
1847 2601 1864 2631 1
1893 2597 1947 2632 vel

191 2656 272 2688 m2
291 2666 315 2688 α
337 2654 342 2699 Ι
365 2653 503 2687 dicitur
516 2665 538 2688 α
560 2654 565 2698 Ι
587 2653 774 2696 utrunque
789 2664 807 2688 c
825 2653 837 2697 ΙΙ
857 2655 888 2687 4.
911 2651 1043 2687 solitus
1065 2653 1119 2687 b1:
1139 2664 1230 2688 corr.
1246 2654 1283 2688 b'2
1303 2655 1315 2698 ss
1335 2657 1366 2688 5.
1382 2654 1639 2689 destructurus
1655 2668 1678 2690 a
1697 2657 1708 2698 ΙΙ
1729 2655 1890 2690 6.D1ruo
1906 2656 1943 2702 bl

195 2712 429 2757 deutrunque
450 2713 495 2747 bc
514 2714 525 2757 Η
548 2716 577 2747 7.
598 2711 850 2756 Dereliquerit
869 2711 920 2755 (li
938 2724 982 2747 ea:
1001 2712 1057 2746 lin
1077 2717 1185 2750 corr.)
1199 2725 1222 2748 a
1241 2715 1252 2758 [1
1274 2716 1327 2748 12.
1350 2714 1432 2749 oleo
1451 2726 1531 2759 sup.
1547 2727 1613 2750 scr.
1630 2716 1649 2749 b
1670 2717 1682 2759 ΙΙ
1703 2718 1757 2750 13.
1778 2715 1946 2760 plenum-

195 2783 267 2815 que
294 2783 321 2806 ο.
348 2771 554 2816 plerunque
581 2773 600 2807 b
619 2773 631 2816 ΙΙ
659 2775 713 2807 14.
741 2771 933 2817 Superiori
958 2774 1149 2808 continuat
1174 2785 1197 2807 a
1219 2772 1224 2819 Ι
1251 2772 1443 2819 Decrepiti
1470 2804 1476 2809 .
1499 2803 1505 2810 .
1528 2804 1534 2809 .
1564 2785 1671 2808 senec
1697 2785 1763 2809 om.
1791 2787 1814 2809 α
1849 2777 1853 2820 Ι
1883 2775 1948 2819 qui

196 2830 273 2864 iam
297 2842 388 2866 corr.
404 2831 442 2866 b*2
460 2833 471 2876 ΙΙ
492 2834 546 2865 15.
574 2830 665 2875 quin
685 2842 756 2876 pro
783 2830 874 2875 quid
894 2843 984 2867 corr.
1001 2844 1024 2867 α
1046 2835 1050 2875 Ι
1072 2831 1243 2876 nunquid
1263 2833 1310 2868 bc
1328 2834 1339 2877 ΙΙ
1360 2837 1415 2869 16.
1442 2833 1702 2879 Driocolaptes
1730 2835 1749 2869 b
1769 2835 1780 2878 ΙΙ
1801 2838 1856 2870 17.
1883 2834 1947 2869 Di-

195 2889 304 2934 plosa
331 2892 370 2933 (a
396 2902 413 2925 e
443 2892 551 2933 corr.)
579 2902 602 2925 a
629 2892 641 2934 ΙΙ
678 2894 734 2926 21.
761 2890 948 2936 Dispetite
974 2904 1007 2927 α.
1043 2891 1250 2936 Dispertite
1275 2891 1320 2937 (ti
1343 2894 1386 2927 in
1412 2893 1498 2937 ras.)
1525 2893 1544 2927 b
1585 2894 1589 2937 Ι
1629 2892 1775 2939 iungite
1800 2895 1859 2929 a¹:
1892 2906 1947 2929 se-

196 2948 342 2994 iungite
368 2948 408 2983 α2
428 2950 438 2992 ΙΙ
471 2952 526 2984 22.
553 2948 651 2983 didit
676 2961 708 2985 α.
742 2948 882 2984 dididit
907 2962 925 2985 c
950 2951 961 2994 ΙΙ
999 2953 1054 2985 23.
1077 2953 1131 2984 24.
1158 2952 1341 2986 contrahit
1366 2963 1389 2986 a
1409 2953 1419 2996 ΙΙ
1452 2955 1506 2986 23.
1535 2962 1557 2986 a
1581 2953 1774 2998 proposito
1800 2955 1896 2990 solus
1916 2956 1947 2999 b,

196 3012 238 3043 ut
261 3008 334 3043 vid.
364 3007 370 3053 Ι
399 3006 545 3053 seiungi
570 3019 635 3043 om.
663 3021 686 3044 α
716 3010 728 3053 ΙΙ
759 3012 816 3043 24.
847 3008 1012 3043 Diriuita
1038 3009 1186 3054 digesta
1212 3008 1274 3044 uel
1303 3021 1369 3045 om.
1396 3023 1418 3044 a
1441 3014 1446 3055 Ι
1476 3010 1648 3047 Diriuata
1675 3014 1694 3048 b
1730 3016 1734 3057 Ι
1769 3014 1946 3048 diriuatio

198 3068 252 3103 bis
275 3067 398 3112 script.
425 3068 529 3103 semel
553 3079 632 3113 εἴη).
660 3081 683 3103 a
707 3069 719 3113 ΙΙ
747 3071 802 3103 26.
830 3068 1024 3113 Deduptus
1051 3081 1075 3103 a
1097 3070 1102 3113 1
1125 3070 1181 3103 est
1207 3070 1292 3103 ente
1318 3081 1341 3104 a
1363 3071 1368 3114 Ι
1398 3070 1608 3115 expoliatus
1634 3077 1718 3108 ante
1743 3084 1833 3109 corr.
1861 3075 1880 3108 b
1918 3075 1930 3118 {l

270 3133 357 3164 Corp.
377 3134 467 3166 gloss.
488 3134 540 3159 lat.
571 3136 642 3159 tom.
662 3135 698 3159 V.
1641 3136 1660 3166 2

1970 860 2001 885 15

1970 2221 2002 2246 :25
