2216 3402
698 138 932 175 PLAOIDVS
958 138 1087 174 LIBRI
1114 138 1404 176 GLOSSARVM
1865 138 1919 180 97

234 251 388 294 ceretis
415 251 487 293 hic
514 251 686 308 relugas
713 250 932 293 doctrinas
960 249 1028 291 uel
1069 250 1187 292 Rura
1208 265 1388 292 numero
1408 249 1568 305 plurali
1589 249 1800 305 singulari
1821 264 1921 292 uero

233 323 484 378 disciplinas
499 337 728 378 magorum
743 321 914 364 ostendi
933 321 1030 362 uult
1128 338 1201 364 rus
1223 322 1405 364 dicimus
1427 325 1470 364 et
1491 324 1558 364 est
1581 321 1751 376 generis
1778 321 1922 362 neutri

173 394 405 437 Renidenti
444 395 569 436 uultu
609 394 827 436 interdum
864 393 953 434 leto
987 395 1030 433 et

231 467 330 508 ilari
345 466 563 508 interdum
577 465 819 520 splendenti
833 465 938 506 item
954 464 1028 505 fio-
1068 463 1357 521 Sacrilegium
1402 465 1559 507 dicitur
1604 464 1715 507 sacri
1757 464 1923 506 furtum
1946 476 1978 500 15

234 538 346 580 renti
374 538 410 579 si
437 537 631 579 dicamus
665 539 782 578 terra
813 535 1028 577 renidenti
1127 538 1270 593 legere
1296 536 1411 579 enim
1439 536 1507 578 uel
1535 536 1761 592 sublegere
1788 536 1924 578 furari

173 609 387 652 Residuus
421 608 544 665 quasi
577 608 727 649 tardus
762 606 828 663 (de
854 605 930 664 ql.)
1128 609 1288 651 dicitur

174 682 449 737 Responsum
500 682 544 721 et
594 679 918 734 responsorium
970 693 1031 719 re-
1072 681 1253 724 Sacrum
1292 680 1434 722 media
1474 695 1541 721 res
1582 683 1648 721 est
1681 683 1724 722 et
1761 681 1925 723 bonum

234 767 442 808 sponsum
483 751 597 807 quod
637 751 766 793 datur
804 765 1031 805 responso·
1131 756 1174 794 et
1200 752 1364 793 malum
1390 767 1493 793 nam
1513 751 1696 793 dicimus
1718 767 1839 795 sacer
1860 756 1925 794 est

233 825 346 865 rium
397 823 581 865 uerbum
632 826 707 864 aut
755 837 906 864 uersus
959 822 1032 877 qui
1130 825 1174 866 id
1200 826 1267 866 est
1294 822 1423 865 alicui
1452 837 1579 878 quem
1606 823 1807 866 uolumus
1834 839 1926 866 exe-

233 911 333 951 sepe
366 895 552 937 iteratur
1130 896 1241 938 erari
1280 898 1355 937 aut
1387 894 1524 936 occidi
1557 897 1600 936 et
1637 895 1744 936 item
1783 909 1927 938 conse—

172 967 356 1009 Restitit
389 967 515 1009 stetit
547 964 614 1023 (de
641 964 714 1022 yl.)
1130 968 1241 1010 erari
1280 967 1332 1008 ad
1371 967 1534 1008 bonum
1571 969 1622 1007 ut
1654 980 1777 1008 sacra
1817 967 1928 1008 mari

137 1039 408 1081 5Resultant
440 1037 641 1080 resiliunt
1130 1040 1290 1082 colitur
1327 1038 1468 1080 medio
1508 1038 1760 1094 gratissima
1797 1039 1926 1080 tellus

173 1110 422 1153 Resultatio
457 1112 524 1151 est
556 1109 785 1152 reluctatio
816 1110 890 1165 qui
923 1109 1032 1152 reni-
1130 1112 1183 1153 ad
1220 1111 1384 1153 malum
1424 1110 1517 1152 auri
1557 1125 1678 1153 sacra
1715 1110 1851 1153 fames
1885 1114 1928 1152 et

233 1183 344 1224 titur
370 1185 413 1224 et
440 1181 735 1223 contratendit
767 1181 874 1223 item
900 1182 1033 1224 resul-
1131 1198 1251 1226 sacre
1290 1182 1539 1237 panduntur
1577 1185 1701 1237 porte
1738 1183 1851 1224 unde
1885 1187 1928 1225 et

234 1257 327 1296 tare
361 1253 564 1296 dicuntur
596 1268 754 1295 uocum
787 1253 956 1296 sonitus
989 1253 1031 1294 id
1132 1255 1247 1311 ignis
1275 1269 1395 1297 sacer
1421 1254 1580 1296 dicitur
1599 1254 1722 1296 ulcus
1751 1255 1927 1296 orribile

234 1329 302 1367 est
333 1325 530 1367 reaudire
1073 1327 1274 1383 Salpinta
1307 1340 1482 1381 serpens
1516 1340 1599 1381 que
1637 1341 1724 1368 non
1756 1326 1929 1368 uidetur

174 1397 327 1440 Rictus
358 1400 542 1439 uocatur
570 1397 709 1439 omnis
743 1397 911 1452 apertio
946 1396 1032 1439 oris
1133 1398 1199 1456 (de
1223 1396 1297 1456 (sl.)

235 1469 304 1511 uel
331 1468 571 1524 patefaccio
594 1469 806 1512 oscitatus
826 1472 917 1511 tam
943 1468 1033 1511 fere
1074 1471 1347 1514 Salsamenta
1385 1474 1487 1512 sunt
1526 1485 1674 1512 omnes
1707 1485 1776 1513 res
1818 1471 1930 1513 salse

237 1556 367 1596 quam
399 1541 589 1583 hominis
623 1541 781 1583 dicitur
817 1544 860 1583 et
897 1541 1034 1583 rictus
1132 1547 1181 1585 ut
1211 1543 1351 1599 pisces
1384 1545 1428 1600 et
1462 1542 1586 1584 sarde

236 1628 284 1656 os
316 1613 461 1668 ipsum
494 1613 750 1668 simpliciter
1075 1615 1304 1672 Salsugine
1326 1617 1432 1670 puto
1459 1613 1600 1670 ipsam
1626 1629 1717 1656 rem
1738 1614 1823 1656 dici
1848 1630 1930 1669 que

177 1685 374 1740 Ripatim
407 1685 584 1740 ripanea
616 1686 712 1728 loca
744 1685 945 1741 designat
972 1685 1035 1727 ita
1132 1688 1238 1730 facit
1270 1687 1433 1729 salsum

238 1757 352 1799 enim
387 1757 570 1799 dicimus
603 1757 783 1812 ripatim
817 1757 941 1812 quasi
972 1757 1034 1799 ui-
1073 1759 1257 1815 Salsugo
1290 1758 1431 1800 muria
1952 1773 1987 1798 20

237 1829 366 1870 tatim
382 1829 506 1884 quasi
519 1828 748 1870 hostiatim
760 1829 883 1884 quasi
899 1829 1034 1870 minu-
1073 1831 1222 1873 Sancit
1255 1830 1484 1872 confirmat

241 1901 369 1942 tatim
403 1903 446 1942 et
480 1903 623 1943 cetera
655 1900 761 1943 talia
1075 1902 1382 1945 Sanctuarium
1426 1901 1547 1944 locus
1594 1902 1662 1943 uel
1709 1901 1933 1943 cubiculus

178 1973 354 2015 Riuales
395 1972 468 2028 qui
508 1972 632 2027 quasi
671 1973 722 2015 de
761 1987 847 2015 uno
891 1988 1037 2016 amore
1135 1974 1210 2017 ubi
1244 1976 1391 2016 sancte
1425 1988 1494 2015 res
1527 1976 1738 2029 geruntur
1770 1971 1837 2030 (de
1857 1971 1933 2029 91.)

240 2044 505 2087 descendunt
1078 2045 1312 2101 Sandapila
1342 2045 1551 2087 feretrum
1575 2045 1646 2087 uel
1673 2045 1864 2087 loculum
1890 2045 1935 2086 in

126 2129 159 2154 10
180 2117 356 2159 Riuales
390 2117 474 2159 duo
501 2115 585 2158 uiri
610 2117 684 2171 qui
710 2131 841 2160 unam
873 2117 1039 2160 habent
1139 2133 1223 2174 quo
1251 2117 1444 2160 defuncti
1473 2119 1706 2173 portantur
1733 2116 1795 2159 sic
1821 2116 1936 2159 enim

239 2204 418 2232 uxorem
1139 2191 1190 2232 de
1205 2189 1445 2232 domitiano
1466 2189 1730 2244 imperatore
1750 2189 1936 2244 legimus

182 2261 358 2303 Riuales
391 2260 517 2302 uxori
544 2260 682 2303 altera
708 2276 817 2304 uxor
843 2261 888 2304 in
915 2262 1040 2305 colle·
1140 2262 1260 2304 cuius
1307 2261 1492 2304 cadaber
1537 2260 1739 2316 populari
1789 2260 1939 2302 sanda-

241 2334 363 2389 gium
401 2333 551 2374 iuncta
588 2333 762 2388 proprie
802 2336 950 2376 tamen
987 2334 1040 2375 ri-
1138 2334 1228 2390 pila
1253 2348 1329 2389 per
1349 2332 1638 2388 uespelliones
1664 2334 1938 2388 reportatum

240 2406 362 2447 uales
404 2407 471 2446 est
508 2404 582 2460 qui
621 2419 719 2447 cum
758 2405 1040 2448 matrimonio
1141 2409 1270 2461 atque
1303 2404 1592 2461 ignominiose
1620 2404 1839 2459 sepultum
1872 2407 1938 2446 est

240 2477 438 2533 legitimo
451 2491 632 2518 uxorem
645 2477 841 2532 possidet
855 2477 1040 2520 alienam
1081 2477 1322 2533 Sappirnus
1344 2476 1573 2518 scribimus
1591 2475 1692 2531 quia
1712 2476 1822 2530 lapis
1845 2491 1938 2531 sap-

182 2547 352 2590 Riualis
384 2548 535 2590 uxoris
568 2549 743 2603 proprie
776 2548 981 2591 moechus
1138 2548 1256 2604 piros
1290 2547 1449 2590 dicitur

184 2621 357 2677 Robigo
398 2635 422 2662 a
461 2619 651 2661 rodendo
691 2619 850 2662 dicitur
893 2620 935 2662 id
975 2623 1042 2662 est
1081 2620 1266 2663 Satelles
1313 2636 1337 2662 a
1388 2620 1495 2662 satis
1546 2619 1745 2663 faciendo
1795 2619 1937 2661 dictus
1958 2643 1992 2669 25

244 2692 401 2734 uitium
435 2695 634 2748 segetum
1141 2692 1207 2748 (de
1231 2690 1305 2749 91.)

184 2892 369 2928 maiorum
398 2894 409 2938 ΙΙ
437 2896 467 2928 1.
494 2891 608 2928 hilari
633 2894 646 2939 ΙΙ
671 2897 702 2928 3.
731 2894 768 2927 et
793 2893 1045 2938 resposorium
1065 2896 1076 2940 Η
1101 2898 1135 2930 4.
1162 2892 1405 2928 Resultumoc
1432 2894 1510 2938 (sic)
1530 2893 1541 2937 ΙΙ
1569 2895 1601 2928 5.
1628 2890 1769 2927 renitus
1792 2894 1797 2936 Ι
1819 2891 1934 2938 idest]

184 2952 285 2987 idem
322 2954 334 2997 ΙΙ
373 2956 404 2987 7.
432 2952 580 2997 apercio
604 2956 608 2997 Ι
629 2951 817 2998 patefatio
854 2954 866 2996 ΙΙ
903 2956 936 2988 8.
963 2953 1072 2998 quasi
1098 2952 1253 2987 uicatim
1284 2954 1296 2998 ΙΙ
1334 2956 1365 2987 9.
1394 2952 1619 2986 discendunt
1655 2952 1667 2996 ΙΙ
1706 2954 1760 2987 11.
1787 2962 1900 2986 uxore
1930 2951 1933 2998 Ι

184 3011 316 3046 riualis
359 3012 371 3057 ΙΙ
417 3015 470 3046 13.
498 3012 537 3046 id
564 3013 636 3059 est]
664 3012 767 3047 idem
796 3014 801 3056 1
829 3011 970 3046 uicium
1013 3014 1024 3058 ΙΙ
1070 3016 1125 3048 16,
1152 3012 1191 3046 id
1219 3013 1276 3046 est
1301 3023 1368 3047 om.
1399 3011 1404 3058 Ι
1432 3010 1581 3061 hoccidi
1624 3012 1636 3056 ΙΙ
1680 3014 1736 3047 17.
1762 3011 1858 3046 hanc
1887 3012 1936 3057 ql.

186 3084 252 3108 om.
296 3073 328 3117 ΙΙ,
353 3075 407 3106 18.
442 3073 479 3106 et
505 3070 623 3117 saroq’
671 3074 682 3117 ΙΙ
726 3076 780 3107 23.
809 3071 886 3117 uel]
915 3071 994 3106 siue
1029 3077 1034 3116 1
1070 3071 1281 3107 domiciano
1325 3074 1337 3117 ΙΙ
1380 3074 1435 3106 25.
1470 3070 1593 3105 dictus
1626 3082 1670 3106 ex
1701 3069 1814 3105 dictis
1847 3082 1936 3106 corr.

185 3144 231 3168 m.
259 3136 278 3167 1
312 3133 324 3177 ss

260 3198 347 3229 Corp.
367 3198 457 3230 gloss.
478 3198 529 3224 lat.
560 3201 631 3223 tom.
652 3199 686 3223 V.
1634 3194 1651 3225 7
