2216 3402
263 114 319 153 66
782 112 1017 148 PLACIDVS
1042 113 1171 148 LIBRI
1197 113 1488 149 GLOSSARVM

262 222 481 263 Euentum
503 226 546 263 et
573 224 728 263 euenta
751 222 813 262 ita
832 221 1118 276 distinguitur
1156 222 1414 264 Exciturum
1448 221 1738 263 excitaturum

321 296 500 335 euentus
539 294 634 347 ipsa
672 307 738 334 res
779 295 934 333 euenta
973 295 1117 334 autem
1154 294 1332 337 Exciuit
1364 293 1572 349 excitabit

321 365 522 406 dicuntur
552 378 633 419 que
663 365 717 405 ab
745 366 903 405 euentu
934 364 1117 405 ueniunt
1154 357 1673 407 Exclaudatextrafinem
1686 363 2009 421 claudatffleyl.)

320 434 464 492 (Isfd.)
1155 436 1492 478 Excrementum
1520 437 1634 490 quod
1667 436 1712 477 in
1743 437 1918 491 laquere
1944 451 2010 478 su-

259 507 449 548 Eufonia
474 506 594 547 uocis
622 519 753 546 sonus
781 507 927 547 suauis
956 504 1021 562 (de
1042 507 1116 562 ql.)
1213 508 1448 562 percrescit
1480 510 1529 548 ut
1562 510 1668 562 puta
1699 508 1744 549 in
1783 508 2009 549 arboribus

259 579 382 634 Euge
417 577 669 619 aduerbium
703 577 921 619 laudantis
954 578 1024 619 uel
1052 593 1116 619 or—
1215 594 1265 620 ea
1291 594 1373 634 que
1406 581 1619 633 putantur
1645 581 1920 621 excrementa
1951 579 2010 620 di-

318 649 452 690 tantis
1214 653 1368 692 cuntur
1400 652 1449 691 ut
1480 650 1526 691 in
1557 651 1727 692 uicibus
1761 653 1804 692 et
1843 650 1888 691 in
1921 664 2010 692 cor-

258 721 437 762 Euitare
459 723 525 762 est
551 721 693 762 locum
716 724 791 762 aut
811 721 986 762 homine
1006 721 1114 776 peri—
1212 735 1316 776 pore
1363 721 1399 762 si
1439 722 1542 776 quid
1581 722 1826 777 expreuerit
1871 736 2010 764 excre-

318 792 402 834 culi
436 807 485 834 ac
517 791 761 833 formidinis
793 792 970 847 plenum
1002 795 1068 834 est
1213 796 1407 834 mentum
1422 793 1505 835 dici
1526 796 1674 848 potest
1688 797 2010 836 excrementum

223 881 238 903 τ)
258 863 450 905 Exalbas
476 879 564 905 non
585 864 706 905 albas
732 865 805 906 sed
832 879 967 919 prope
994 865 1114 906 albas
1212 879 1315 906 uero
1362 865 1475 919 quod
1515 865 1741 919 expuimus
1786 865 1856 906 uel
1895 879 2011 906 exse-

259 936 493 977 Exameter
524 951 676 977 uersus
711 935 784 990 qui
820 936 1023 991 genarius
1057 937 1115 977 di-
1214 951 1384 978 cramus
1440 935 1627 977 habetur
1682 936 1718 977 it
1773 939 2010 978 sementem

319 1007 431 1049 citur
1212 1007 1385 1049 uirilem
1418 1008 1528 1048 unde
1568 1007 1822 1049 animalium
1854 1010 1898 1048 et
1936 1007 2010 1048 ho—

208 1452 237 1476 10

203 2452 233 2476 15

256 1079 537 1121 Examussim
572 1093 655 1120 uno
688 1079 733 1119 in
766 1082 921 1133 antepe
959 1079 1116 1121 ultima
1213 1079 1379 1120 minum
1394 1093 1577 1134 corpora
1592 1079 2010 1134 concipiunturhinc

256 1150 535 1192 Examussim
590 1150 760 1205 integre
818 1150 909 1192 sine
964 1150 1114 1193 fraude
1213 1153 1428 1192 creatares
1461 1153 1662 1205 parentes
1695 1151 1898 1192 dicuntur

317 1222 475 1264 mussis
518 1221 632 1262 enim
683 1221 866 1263 dicimus
918 1222 1111 1277 regulam
1152 1221 1515 1264 Exdorsuandum
1541 1221 1819 1264 iudicandum
1850 1220 2008 1279 (Vim.)
2030 1236 2063 1260 20

315 1294 385 1335 uel
417 1307 665 1335 mensuram
697 1292 899 1334 fabrilem
1152 1293 1385 1336 Execratio
1418 1293 1666 1336 maledictio
1702 1294 1766 1349 (de
1793 1293 1867 1349 yl.)

255 1364 526 1406 Exanclandi
560 1364 795 1419 peragendi
1152 1364 1368 1407 Exedram
1413 1366 1531 1408 absis
1576 1366 1760 1421 quedam
1809 1366 2010 1421 separata

256 1436 496 1478 Exanclare
541 1435 735 1476 exaurire
777 1450 828 1476 ex
872 1449 1000 1491 greco
1046 1452 1112 1478 ue·
1211 1437 1430 1479 modicum
1462 1437 1565 1492 quid
1605 1440 1680 1479 aut
1713 1452 1737 1478 a
1767 1437 2006 1492 praeterito

316 1507 438 1549 niens
461 1507 575 1562 quod
596 1507 769 1562 quidem
789 1507 972 1548 uerbum
994 1508 1113 1562 plau·
1211 1511 1286 1549 aut
1319 1524 1343 1550 a
1375 1509 1540 1563 palatio

316 1582 386 1620 tus
420 1578 626 1632 secularis
659 1581 790 1633 poeta
817 1579 1007 1620 comicus
1040 1593 1113 1634 po-
1150 1579 1348 1621 Exeffeta
1380 1595 1508 1622 senex
1540 1595 1654 1622 uana
1684 1580 1754 1621 uel
1786 1594 1925 1621 uacua

316 1651 403 1691 suit
447 1650 511 1692 ita
547 1649 679 1692 instic
716 1650 897 1691 honeste
937 1650 986 1691 de
1024 1651 1115 1704 pol·
1151 1650 1368 1706 Exempta
1400 1652 1568 1693 inclusa
1600 1653 1779 1707 expulsa

315 1722 431 1764 luine
481 1722 611 1776 paulo
655 1721 855 1777 paxilluli
900 1736 1000 1776 sepe
1047 1737 1112 1763 ex·
1150 1722 1348 1764 Exemtis
1382 1723 1566 1765 sublatis
1599 1723 1812 1778 ademptis
2027 1736 2062 1762 25

314 1793 485 1836 anclaui
1150 1793 1375 1849 Exequere
1409 1810 1605 1836 exercere

253 1865 495 1907 Exanclare
522 1864 767 1906 exanimare
794 1865 863 1906 uel
890 1864 1111 1906 exinanire
1150 1865 1259 1907 Erat
1290 1865 1484 1920 proferat
1516 1867 1705 1921 primum
1731 1866 1914 1908 uerbum
1940 1869 2007 1907 est

255 1937 496 1978 Exanclata
528 1939 708 1977 exausta
740 1939 784 1977 et
823 1936 949 1990 quasi
987 1951 1111 1978 exan-
1209 1952 1333 1979 exere
1372 1938 1564 1980 actiuum
1607 1938 1715 1980 facit
1753 1937 1868 1979 enim
1912 1952 2007 1992 pas-

315 2008 465 2064 gulata
496 2008 539 2048 id
573 2010 639 2049 est
676 2023 753 2062 per
791 2008 975 2063 angulos
1009 2022 1111 2062 quo-
1209 2009 1352 2050 siuum
1378 2024 1529 2051 exeror
1549 2013 1593 2050 et
1617 2024 1777 2051 nomen
1797 2012 1864 2051 est
1890 2023 2006 2050 exer-

313 2094 395 2134 que
429 2079 646 2134 exquisita
1208 2083 1276 2122 tas
1312 2079 1454 2136 (Isid.)

253 2150 618 2192 Exasterantibus
656 2151 838 2192 uberum
877 2150 1110 2192 fluentibus
1148 2151 1326 2193 Exercit
1360 2151 1521 2193 excitat
1553 2150 1713 2206 fatigat

313 2222 449 2263 ueluti
483 2222 807 2263 exauirentibus
1148 2222 1380 2264 Exerimus
1412 2222 1673 2277 proferimus
1707 2222 1773 2280 (de
1799 2222 1874 2281 (sl.)

252 2293 647 2335 Exausterantibus
666 2292 856 2334 ubertim
873 2292 1107 2334 fluentibus
1146 2293 1311 2336 Exerce
1344 2294 1514 2348 prolate
1546 2309 1717 2336 exerere
1757 2295 1871 2337 enim
1908 2310 2004 2350 pro-
2024 2309 2058 2334 30

313 2365 450 2406 ueluti
484 2365 808 2406 exaurientibus
1206 2365 1295 2407 fere
1329 2366 1398 2407 uel
1431 2365 1629 2420 expedire
1664 2368 1730 2408 est
1762 2364 1830 2423 (de
1857 2364 1932 2424 ql.)

254 2436 443 2478 Excetra
476 2436 703 2491 multiplex
737 2450 913 2490 serpens
948 2434 1013 2491 (de
1034 2435 1107 2491 yl.)
1145 2436 1311 2479 Exerce
1344 2437 1528 2479 liberate

351 2557 381 2587 1.
411 2552 548 2588 dicitur
573 2565 617 2588 m.
635 2557 666 2597 1,
695 2553 870 2588 dicuntur
896 2565 939 2589 m.
956 2557 977 2588 4
1013 2554 1017 2598 Ι
1052 2554 1100 2588 ab
1128 2555 1262 2589 euenta
1293 2555 1305 2599 ΙΙ
1337 2558 1369 2590 3.
1398 2553 1669 2589 laudandantis
1692 2557 1696 2598 Ι
1725 2553 1883 2589 ortantis
1910 2555 1968 2589 est
1993 2557 2004 2601 Ji

254 2617 286 2647 4.
313 2613 501 2647 hominem
526 2624 570 2648 επ)
595 2612 744 2648 homine
770 2624 859 2648 corr.
887 2614 898 2657 ΙΙ
929 2617 959 2648 7.
987 2613 1285 2658 antepenultima
1311 2625 1355 2648 ew
1389 2615 1524 2659 antepe
1549 2613 1684 2648 ultima
1710 2625 1801 2648 corr.
1839 2615 1850 2657 Η
1888 2616 1919 2649 S.
1946 2613 2002 2647 in-

253 2674 377 2717 tegi-es
404 2673 441 2706 in
474 2672 605 2706 fraude
635 2676 639 2714 Ι
674 2671 790 2706 musis
828 2674 838 2717 ΙΙ
878 2676 932 2706 10.
965 2672 1207 2707 Exanclande
1236 2676 1239 2717 Ι
1272 2672 1544 2719 paulo]poculo
1581 2675 1593 2715 ll
1632 2676 1686 2708 12.
1721 2674 1878 2707 exausta
1908 2676 2002 2718 m.·1,

255 2732 438 2766 exhausta
470 2736 552 2767 m.5
583 2734 594 2775 Η
631 2735 682 2766 13.
715 2731 877 2766 ubertim
907 2734 911 2776 Ι
940 2730 1024 2767 isid.
1052 2733 1127 2767 cod.
1160 2734 1171 2776 ΙΙ
1204 2736 1258 2767 14.
1292 2731 1629 2767 Exausterantibus
1661 2744 1705 2767 m.
1727 2735 1760 2776 1,
1795 2731 2001 2767 Exhauste-

254 2791 424 2825 rantibus
450 2803 494 2826 m.
519 2795 538 2825 5
580 2795 583 2833 Ι
625 2790 686 2825 uel
726 2792 730 2837 Ι
772 2790 1052 2825 exaurientibus
1084 2803 1128 2826 m.
1153 2796 1184 2836 1,
1224 2791 1531 2826 exhaurientibus
1563 2803 1608 2827 m.
1630 2796 1651 2825 5
1682 2793 1694 2836 ΙΙ
1733 2795 1787 2826 17.
1821 2791 2003 2826 excitabit

254 2862 297 2884 m.
317 2855 346 2894 1,
374 2850 556 2885 excitauit
580 2863 623 2885 m.
640 2854 660 2884 4-
698 2852 709 2894 Η
749 2854 802 2885 19.
839 2850 878 2884 in
914 2847 1041 2895 aliqua
1077 2861 1116 2884 re
1151 2853 1154 2894 ξ
1191 2851 1365 2885 dicuntur
1401 2852 1499 2896 (ante
1524 2852 1580 2895 ut)
1616 2862 1660 2886 ea:
1693 2851 1875 2896 putantur
1910 2861 2000 2886 corr.

254 2921 298 2943 m.
316 2913 334 2943 1
373 2917 375 2949 1,
412 2909 557 2944 uicibus
583 2922 627 2945 m.
643 2915 675 2954 l,
703 2909 844 2943 uitibus
871 2913 952 2944 1114
987 2910 991 2955 Ι
1026 2909 1237 2954 expreuerit
1261 2923 1305 2945 m.
1323 2915 1354 2955 1,
1388 2909 1593 2945 exercuerit
1619 2922 1661 2945 m.
1679 2913 1699 2944 4
1723 2913 1726 2953 Ι
1750 2920 1965 2944 execramus
1990 2909 2002 2956 Η

254 2972 309 3002 21.
336 2968 431 3012 plac.
459 2970 533 3004 cod.
560 2970 572 3013 11
603 2973 659 3004 22.
687 2968 786 3013 quod
807 2980 850 3003 ea:
870 2968 961 3012 quid
986 2980 1076 3004 corr.
1101 2970 1105 3013 Ι
1127 2968 1314 3013 pra'etorio
1341 2971 1352 3015 ΙΙ
1383 2972 1439 3004 23.
1466 2971 1628 3004 uacuata
1660 2971 1671 3014 ΙΙ
1703 2973 1757 3004 27.
1785 2969 1877 3003 Erat
1901 2981 1945 3004 m.
1967 2972 2000 3013 1,

253 3027 391 3062 Exerat
415 3041 457 3062 m.
480 3032 499 3062 «ι’
536 3031 540 3073 Ι
574 3028 735 3073 primum
761 3040 804 3063 ew
830 3039 999 3073 promum
1025 3039 1115 3063 corr.
1143 3040 1186 3063 m.
1205 3033 1239 3072 1,
1264 3033 1304 3063 ut
1330 3030 1401 3064 vid.
1438 3031 1442 3072 1
1484 3040 1589 3063 exere
1623 3041 1665 3063 m.
1689 3033 1719 3073 1,
1748 3039 1857 3064 exero
1882 3040 1927 3063 m.
1943 3031 1964 3062 4
1993 3027 1998 3070 Ι

254 3088 400 3121 exertus
432 3089 443 3132 Η
475 3092 529 3123 30.
557 3087 690 3122 Exerte
714 3090 718 3131 Ι
742 3098 865 3122 exerre
889 3087 894 3133 1
922 3087 1086 3131 proferre
1115 3088 1127 3132 ΙΙ
1158 3090 1212 3122 31,
1240 3087 1375 3123 Exerte
1400 3087 1546 3133 prolate
1573 3087 1730 3122 liberate
1763 3090 1773 3133 ΙΙ
