2221 3490
643 133 856 169 GLOSSAE
883 132 1068 168 CODICIS
1094 132 1218 169 LEID.
1245 132 1375 169 VOSS.
1402 133 1508 168 LAT.
1536 137 1581 169 88

238 242 458 285 Sodalitas
491 246 558 286 est
590 243 781 285 ambitus
815 241 1066 284 coniuratus

238 314 503 357 Sodalicium
519 315 683 357 crimen
698 315 868 370 quando
887 314 1091 356 inutrius-

295 401 377 441 que
416 387 692 429 commodum
735 386 958 428 commitia
999 401 1090 429 cor-

294 461 555 514 rumpuntur

233 530 478 585 Dslselubra
522 529 725 572 dicuntur
771 530 934 585 templa
980 529 1091 571 nihil

291 602 495 644 hominus
511 603 554 643 et
575 600 808 644 simulacra
828 602 882 644 ab
905 616 954 643 eo
977 602 1091 657 quod

293 674 498 715 dolantur

231 745 474 801 Flagitium
506 748 632 800 turpe
666 744 947 787 commissum

195 833 211 858 5
233 816 539 872 Stipendiariis
561 817 718 871 quibus
739 816 870 859 uictis
897 817 1088 873 uectigal

289 888 516 943 inponitur

232 957 464 1015 Spectatus
495 960 707 1015 probatus

231 1030 444 1087 Cognitor
482 1032 526 1073 in
564 1032 820 1074 litetantum
861 1031 1005 1088 (ntum
1038 1048 1088 1075 m.

288 1104 378 1146 alia
408 1104 454 1145 in
485 1101 587 1160 ras.)
622 1104 749 1145 datur

230 1175 494 1217 Procurator
525 1176 571 1217 in
605 1176 806 1218 omnibus
839 1177 968 1219 rebus

228 1245 523 1289 Preiudicium
563 1250 630 1289 est
671 1248 985 1290 anteiudicium
1027 1250 1087 1291 in-

289 1333 464 1361 currens
499 1319 646 1374 opinio

176 1407 208 1432 10
230 1390 600 1446 Quadruplatores
655 1392 910 1434 dicebantur
967 1408 1087 1436 accu-

289 1466 458 1505 satores
492 1466 567 1505 aut
595 1463 697 1519 quia
723 1464 769 1505 in
796 1464 1087 1520 quadruplum

287 1535 508 1577 faciebant
554 1534 779 1577 conuictos
827 1534 894 1592 (os
928 1550 977 1578 ex
1016 1534 1086 1593 us)

288 1605 596 1662 condempnari
624 1609 699 1648 aut
726 1607 827 1662 quia
852 1607 937 1662 ipsi
965 1623 1087 1663 quar-

287 1681 378 1720 tam
398 1681 569 1733 partem
590 1678 862 1733 accipiebant
884 1680 1086 1735 dampna-

286 1750 419 1792 tionis

228 1823 478 1878 Recipimus
494 1822 639 1878 rogati
655 1822 917 1878 suscipimus
930 1827 1085 1879 sponte

286 1898 362 1937 aut
389 1894 622 1950 recipimus
644 1894 802 1937 diuites
824 1896 1085 1951 suscipimus

287 1970 434 2009 autem
467 1967 668 2022 aequales
701 1967 771 2009 uel
804 1967 990 2010 maiores

226 2037 436 2081 Censores
464 2039 720 2081 dicebantur
748 2039 821 2094 qui
847 2054 991 2081 mores
1023 2040 1087 2094 (m

285 2125 305 2152 e
333 2108 456 2168 corr.)
490 2113 740 2152 senatorum
773 2112 1009 2153 censebant
1042 2115 1086 2153 et

287 2183 495 2238 quosdam
513 2198 538 2224 a
552 2185 706 2225 senatu
721 2186 900 2238 propter
915 2198 1086 2225 morum

286 2253 431 2311 (orum
475 2255 521 2297 in
561 2254 664 2312 ras.)
709 2255 819 2298 uitia
863 2255 1086 2310 pellebant

283 2340 372 2367 non
391 2326 437 2367 in
456 2330 716 2382 perpetuum
743 2327 817 2370 sed
837 2327 890 2369 ad
917 2331 1083 2370 certum

285 2400 458 2452 tempus

224 2469 519 2525 Deportamus
557 2469 732 2525 proprie
772 2485 870 2512 cum
907 2474 1083 2527 oportet

282 2544 460 2596 portare

222 2612 520 2668 Exportamus
561 2628 659 2655 cum
690 2628 779 2655 non
811 2616 985 2669 oportet

173 2698 205 2723 15
225 2684 448 2740 Mancipes
512 2685 747 2727 secundum
810 2687 1082 2741 quorundam

284 2756 534 2811 opinionem
558 2755 813 2798 dicebantur
834 2758 934 2812 quia
962 2757 1082 2814 (corr.

285 2829 357 2883 qui
390 2826 434 2885 a)
467 2831 640 2883 pretore
674 2829 725 2870 ad
760 2830 1082 2884 suscipiendum

282 2900 550 2942 frumentum
606 2901 764 2942 asociis
815 2903 858 2942 et
913 2916 1081 2943 romam

282 2971 631 3014 transferendum
665 2972 954 3014 mittebantur

222 3044 376 3100 Pugna
402 3044 448 3085 in
472 3059 602 3086 causa
623 3047 843 3086 certamen
868 3044 914 3086 in
940 3044 1080 3100 gloria

282 3118 348 3157 est

1898 135 1985 176 659

1128 240 1342 284 Versatur
1375 243 1488 297 quod
1520 258 1608 285 non
1642 242 1749 285 satis
1784 247 1850 285 est
1881 244 1976 286 leue

1130 312 1325 355 Iactatur
1359 315 1472 368 quod
1504 314 1777 356 leuissimum
1811 318 1877 357 est

1129 383 1374 426 Moratores
1408 386 1611 427 dicuntur
1643 386 1844 428 aduocati

1131 454 1347 497 Subsellia
1384 457 1460 498 ubi
1500 457 1655 499 arbitri
1693 458 1902 502 sedebant
1943 460 1986 500 et
2007 471 2021 494 2

1190 528 1379 569 minores
1415 543 1541 582 cause
1575 528 1831 570 dicebantur

1131 599 1389 641 Lenocinari
1405 602 1471 641 est
1493 615 1589 642 cum
1610 601 1880 655 turpitudine
1900 616 1986 644 ser-

1189 671 1281 712 uire

1129 742 1324 785 Monitor
1368 742 1527 785 dicitur
1572 743 1646 798 qui
1690 745 1759 786 uel
1809 746 1987 800 propria

1188 813 1349 857 dicenti
1382 816 1581 871 suggerit
1613 816 1683 858 uel
1717 817 1857 858 aliena

1129 884 1415 929 Subnarratio
1471 902 1558 929 non
1608 886 1805 944 legitime
1858 903 1985 943 cause

1188 959 1383 1000 narratio

1128 1030 1301 1086 Religio
1330 1034 1396 1072 est
1424 1031 1557 1073 timor
1584 1046 1679 1074 cum
1706 1031 1985 1074 ueneratione

1128 1100 1334 1158 Pajssrere
1368 1106 1434 1145 est
1467 1106 1666 1145 constare

1128 1173 1471 1229 Recuperatores
1492 1175 1695 1217 dicuntur
1719 1175 1883 1218 iudices
1912 1176 1985 1230 qui

1186 1246 1372 1288 adunam
1405 1262 1580 1289 causam
1613 1246 1772 1288 dantur

1125 1317 1295 1360 Iudices
1327 1319 1400 1373 qui
1433 1319 1486 1360 ad
1517 1318 1725 1360 iudicium
1758 1318 1984 1374 utriusque

1186 1404 1313 1443 cause

1125 1460 1355 1517 Euestigio
1378 1477 1429 1504 ex
1450 1477 1499 1505 eo
1526 1463 1623 1504 loco
1652 1462 1727 1504 ubi
1754 1465 1843 1504 stat
1867 1465 1984 1505 ante-

1188 1548 1317 1588 quam
1354 1534 1593 1590 uestigium
1632 1535 1773 1576 mouit
1807 1535 1982 1590 quidam

1186 1605 1331 1647 subito
1366 1606 1440 1647 alii
1473 1605 1624 1648 statim
1655 1606 1855 1648 nonnulli
1888 1622 1982 1649 eue-

1186 1677 1319 1733 stigio
1354 1680 1498 1720 totum
1530 1678 1679 1720 dicunt

1125 1748 1305 1791 Leditur
1321 1750 1394 1804 qui
1407 1753 1560 1792 contra
1575 1750 1848 1792 uoluntatem
1861 1766 1983 1792 suam

1183 1822 1352 1876 patitur
1398 1821 1560 1877 aliquid
1606 1822 1739 1864 etiam
1785 1822 1822 1864 si
1869 1823 1983 1864 iuste

1183 1893 1378 1948 patiatur
1410 1894 1617 1935 damnum

1125 1965 1337 2020 Lupercal
1364 1965 1449 2007 fuit
1481 1981 1601 2020 rome
1630 1966 1710 2007 sub
1738 1969 1886 2008 monte
1912 1982 1983 2022 pa-

1183 2037 1321 2079 latino
1357 2038 1563 2093 spelunca
1588 2038 1632 2079 in
1661 2053 1746 2093 qua
1773 2038 1823 2079 de
1852 2053 1980 2093 capro

1185 2109 1253 2163 (ca
1284 2110 1331 2152 in
1362 2107 1467 2166 ras.)
1513 2109 1714 2151 luebatur
1758 2110 1872 2152 idest
1918 2126 1982 2152 sa-

1185 2181 1460 2223 crificabatur
1503 2182 1616 2224 unde
1658 2182 1852 2237 lupercal
1893 2182 1983 2238 qui-

1183 2253 1283 2295 dam
1328 2253 1492 2294 dictum
1541 2257 1700 2309 putant
1747 2254 1822 2295 alii
1868 2254 1982 2308 quod

1183 2324 1272 2367 illic
1318 2340 1486 2367 remum
1528 2328 1572 2367 et
1615 2326 1834 2367 romulum
1879 2325 1982 2381 lupa

1182 2397 1388 2439 nutrierit
1432 2397 1506 2439 alii
1546 2398 1660 2452 quod
1698 2400 1741 2439 et
1779 2397 1980 2454 Uirgilius

1182 2469 1326 2511 locum
1359 2483 1451 2511 esse
1489 2469 1604 2511 hunc
1638 2471 1857 2511 sacratum
1894 2485 1981 2524 pan

1182 2541 1261 2583 deo
1307 2540 1508 2595 archadie
1554 2540 1622 2583 cui
1671 2541 1804 2582 etiam
1855 2556 1979 2583 mons

1181 2613 1328 2667 lyceus
1370 2612 1417 2653 in
1457 2613 1662 2654 archadia
1701 2616 1978 2655 consecratus

1181 2688 1247 2726 est
1275 2688 1318 2726 et
1351 2684 1492 2726 dictus
1525 2684 1674 2739 lyceus
1704 2685 1819 2739 quod
1851 2685 1977 2740 lupos

1180 2771 1267 2798 non
1300 2755 1416 2797 sinat
1447 2756 1493 2797 in
1526 2771 1627 2798 oues
1662 2756 1801 2797 seuire

1120 2828 1240 2884 Ergo
1274 2828 1460 2869 euander
1493 2828 1571 2869 deo
1605 2827 1750 2882 gentis
1785 2842 1885 2869 suae
1919 2828 1978 2870 lo-

1181 2915 1277 2941 cum
1322 2900 1513 2941 sacrauit
1560 2898 1735 2941 nomine
1785 2899 1978 2953 lupercal

1181 2971 1294 3026 quod
1338 2970 1556 3026 praesidio
1601 2970 1738 3024 ipsius
1784 2971 1976 3012 numinis

1179 3043 1270 3099 lupi
1291 3058 1316 3085 a
1336 3042 1572 3098 pecudibus
1601 3044 1853 3084 arcerentur
1875 3058 1976 3084 nam

1177 3114 1414 3170 lupercalia
1428 3128 1552 3156 sacra
1568 3113 1673 3155 nudi
1692 3114 1977 3169 perficiebant

1618 3187 1662 3218 42

2003 1980 2038 2005 30
