2221 3490
674 126 931 163 EXOERPTA
956 127 1022 162 EX
1048 126 1221 163 CODICE
1247 126 1497 163 VATICANO
1527 131 1618 163 1468

323 239 438 293 quod
477 238 657 280 alternis
699 238 922 280 attollitur
963 236 1046 295 (ita
1070 263 1119 267 —

323 310 545 352 attollitur
576 308 691 366 ΜΖ)

261 380 451 424 *Τοωυε
485 384 605 424 carta

262 452 444 495 *Tomix
475 454 611 495 uestis
644 453 800 496 leuiter
831 456 951 496 torta

262 525 594 582 *Tongliliatim
625 526 746 580 loqui
778 526 926 580 prauis
956 525 1102 567 uerbis

261 596 492 653 *Tongilio
537 597 755 652 parasitus
809 597 882 652 qui
929 598 1011 639 hoc
1056 596 1122 638 in-

321 671 502 711 uenerat
528 668 641 709 risus
669 669 902 723 aucupium
930 671 978 710 ut
1002 668 1122 710 ‘salu-

321 741 434 782 tanti
443 739 688 781 conuicium
700 741 982 795 responderet
994 755 1034 781 m
1040 740 1122 781 ale-

320 812 535 854 dicentem
569 811 851 854 blandissime
886 812 1099 853 salutaret

223 896 240 922 5
260 881 461 939 ssTopper
488 883 576 925 cito
603 885 653 925 ut
677 883 827 926 neleus
854 887 1011 939 topper
1037 884 1121 926 for-

320 959 422 998 tune
457 957 728 998 commutant
759 956 1012 998 hominibus

258 1028 414 1084 Torpis
447 1027 577 1069 fustis
611 1028 791 1070 adustus
827 1029 973 1070 aridus

257 1100 429 1155 Torque
462 1094 674 1142 liueratus
689 1114 693 1118 ·
709 1101 924 1156 supplicio

257 1171 435 1215 Toritor
468 1175 622 1227 stupor
654 1172 788 1214 animi
820 1173 1011 1228 torporis

257 1244 342 1287 Tot
377 1244 451 1299 qui
484 1246 527 1286 et
559 1246 628 1286 tos
662 1247 810 1288 tantos

204 1329 238 1354 10
258 1316 490 1358 Trabicula
523 1316 674 1358 tabula
709 1318 853 1359 carina

257 1387 446 1430 *Tracea
488 1394 509 1430 s
558 1402 711 1443 aspera
762 1405 843 1445 que
896 1388 1119 1431 suffricata

316 1461 412 1503 loca
446 1460 696 1503 exulcerant

256 1532 419 1575 *Traeo
448 1532 640 1589 glutiens
667 1533 736 1575 uel
760 1534 833 1589 qui
861 1548 1019 1589 aquam
1047 1533 1118 1575 ab-

316 1603 457 1647 sorbit
490 1602 534 1661 (a
561 1619 609 1647 ex
636 1620 660 1647 o
693 1613 814 1661 corr.)

255 1675 482 1733 *Tragolit
515 1677 628 1719 cicer
660 1677 815 1720 frictus

254 1747 473 1804 *Tragum
524 1751 568 1790 et
623 1749 900 1805 tragopisum
959 1765 1118 1807 genera

316 1823 418 1862 sunt
449 1820 659 1862 frumenti
693 1821 854 1864 similia
885 1823 981 1878 piso

203 1902 236 1928 15
255 1892 561 1949 ssTragelafum
613 1907 741 1948 quem
795 1909 875 1937 nos
933 1894 1117 1937 dicimus

314 1965 619 2021 platoceruum

255 2037 530 2080 Transcendo
565 2038 731 2081 transio

253 2109 490 2152 Transeres
533 2110 681 2152 tabule
715 2110 759 2152 in
799 2112 909 2153 mari
944 2111 1017 2153 ubi
1051 2126 1116 2153 re-

313 2182 452 2238 miges
486 2182 638 2224 sedent

254 2253 472 2296 ’³‘Trasena
485 2254 556 2296 uel
571 2257 780 2297 trasenna
799 2255 949 2311 tegula
965 2258 1117 2310 aperta

313 2341 390 2382 per
424 2340 554 2381 quam
586 2327 733 2369 lumen
765 2328 886 2369 uenit

253 2398 491 2440 Trassenas
513 2399 684 2454 tegulas
710 2402 883 2455 apertas
909 2414 986 2455 per
1008 2414 1114 2454 quas

313 2469 461 2511 lumen
495 2469 714 2512 emittitur

200 2553 234 2578 20
253 2540 431 2583 *Trauli
462 2541 534 2584 uel
565 2542 672 2584 truli
704 2543 815 2585 blesi

254 2612 505 2655 *Traiectus
540 2613 885 2657 transnaricatus

253 2684 570 2741 *Traxaginem
605 2686 795 2741 quinque
830 2688 982 2730 neruia

254 2757 412 2799 Treuia
433 2758 548 2813 quod
574 2760 664 2801 tres
691 2758 833 2815 uie—in
857 2774 993 2803 unum
1020 2774 1116 2803 con-

314 2829 493 2871 ueniant

254 2900 477 2943 Treumite
511 2902 664 2945 semite

200 2984 234 3011 25
254 2972 426 3015 Treuua
457 2976 624 3016 statuta
656 2978 835 3031 pactum

254 3043 568 3100 *Trichaptum
609 3047 949 3103 suptilissimum
985 3047 1116 3090 uesti-

317 3119 509 3160 mentum

1933 129 2018 171 517

1162 236 1382 280 *Trifauci
1415 237 1489 293 qui
1521 237 1607 279 tria
1640 237 1785 293 capita
1815 237 1979 280 habent

1161 309 1366 364 Tripedia
1393 309 1632 351 scabellum
1659 324 1755 351 cum
1776 311 1866 350 tres
1890 310 2019 364 pedes

1160 380 1422 435 Triumphat
1453 381 1616 435 letatur
1652 381 1901 424 sancenizat

1160 451 1452 507 ssTriumphus
1486 456 1552 494 est
1592 453 1783 495 occidere
1819 453 2019 496 inimicos
2040 465 2075 490 30

1220 527 1421 579 tropeum
1456 528 1522 566 est
1554 524 1705 581 fugare
1738 524 1938 567 inimicos

1159 594 1446 651 Trimastigia
1477 595 1719 638 triumbera

1160 666 1396 709 Trichorus
1437 667 1512 708 ubi
1544 667 1688 722 puelle
1724 671 1821 710 rota
1854 668 2021 711 faciunt

1159 738 1362 780 Tricorus
1384 738 1455 780 uel
1475 738 1693 781 trichorus
1709 740 1829 782 locus
1848 740 2020 795 prandii

1221 809 1295 865 qui
1329 812 1372 851 et
1406 810 1516 852 sima
1549 811 1710 853 dicitur

1159 881 1368 923 Trosseos
1402 884 1625 937 equestres

1159 952 1415 995 *Trociscos
1450 954 1575 1009 quasi
1607 954 1652 995 in
1686 955 1862 998 modum
1895 956 2019 999 nucis
2040 969 2073 995 35

1219 1025 1434 1067 formatus
1467 1025 1513 1066 in
1545 1026 1815 1069 rotunditate

1158 1097 1294 1139 Trues
1329 1096 1545 1140 clusiones

1158 1170 1320 1212 Truere
1351 1184 1612 1224 praeparare

1157 1242 1314 1283 Truele
1348 1241 1558 1283 circinum

1157 1313 1340 1356 Trumbi
1373 1328 1510 1370 genus
1544 1314 1693 1357 iudicii

1157 1387 1383 1429 Truncone
1418 1385 1664 1428 deforatore

1157 1459 1464 1500 Trullacazza
1496 1457 1637 1500 ferrea

1156 1530 1376 1573 ss'rrubuei
1429 1531 1544 1586 quod
1596 1531 1729 1573 tibias
1779 1532 2019 1589 bracasque

1216 1606 1369 1659 tegant

1155 1675 1478 1718 Tuburcinatus
1519 1675 1780 1731 propinatus
1818 1678 1888 1720 uel
1931 1680 2018 1720 tur-

1215 1749 1346 1790 batus

1156 1820 1300 1863 Tuber
1346 1820 1558 1875 superbus
1602 1824 1645 1862 et
1691 1820 1819 1864 aliter
1861 1837 2018 1878 corpus

1217 1893 1364 1934 dolore
1398 1895 1570 1934 tumens

2037 1399 2073 1424 40

1156 1965 1394 2007 Tuccetum
1417 1964 1582 2007 bubula
1602 1966 1715 2021 apud
1736 1965 1906 2009 aluinos
1929 1967 2017 2024 gal·
2036 1975 2071 2001 45

1214 2037 1281 2079 los
1315 2036 1492 2080 condita

1153 2108 1320 2151 Turcus
1354 2123 1491 2165 genus
1526 2113 1592 2152 est
1626 2110 1809 2167 maligni

1155 2180 1392 2224 Turbidine
1438 2181 1491 2239 (b
1531 2197 1580 2225 ex
1618 2198 1646 2224 u
1683 2180 1806 2238 corr.)
1850 2185 2016 2237 pertur-

1215 2254 1393 2296 batione

1154 2326 1393 2368 Turbinem
1425 2327 1689 2383 uertiginem
1722 2326 1911 2382 ruiniam

1155 2398 1441 2455 'Furgidolum
1488 2399 1601 2454 quod
1649 2401 1790 2441 tumet
1840 2399 1911 2442 uel
1955 2399 2017 2442 in-

1215 2471 1368 2512 flatum
1401 2473 1468 2512 est

1153 2542 1462 2597 Turpisculum
1495 2544 1650 2598 turpor
1683 2543 1865 2586 crimina

1154 2614 1380 2656 Turritum
1413 2618 1636 2657 muratum
1669 2615 1935 2658 edificiatum

1154 2686 1352 2743 Tyribuli
1386 2686 1598 2742 tymiama
1631 2686 1814 2730 materia

2034 2552 2069 2577 50

1154 2901 1321 2945 *Vaces
1354 2916 1462 2945 uene
1495 2917 1646 2959 grosse

1159 2975 1295 3017 Vacat
1327 2975 1370 3016 in
1404 2975 1500 3029 ipso
1532 2977 1760 3030 permanet
1793 2974 1984 3018 scholazi

1153 3045 1332 3088 ssVaoha
1364 3061 1449 3088 uox
1480 3046 1658 3088 letantis
1691 3049 1757 3089 est

1153 3117 1402 3160 *Vabulum
1434 3117 1532 3160 fabe
1565 3118 1732 3161 corium

2033 3059 2068 3086 55
