2221 3490
188 150 274 191 468

189 259 326 302 Nerui
359 259 502 301 uincla

189 331 401 374 Neriosus
435 330 642 372 resistens
675 329 804 372 fortis

189 404 333 446 Nictit
366 403 484 445 canis
517 418 615 445 cum
649 405 773 445 acute
806 402 960 458 gannit

188 475 323 518 Nicili
355 475 460 517 nicil

154 544 346 589 &Nitore
380 548 510 590 odore
545 547 775 602 splendore

189 620 314 662 Nihil
348 620 490 662 obfuit
522 620 632 661 nihil
664 618 895 674 impediuit

190 692 264 734 Nil
296 692 406 734 nihil
439 707 526 734 non
559 691 723 747 aliquid
762 705 842 732 nec
875 689 1051 745 aliquod

190 765 348 807 Nilbus
380 766 540 806 nomen
573 764 666 805 auis
698 763 813 805 idest
845 762 1006 804 miluus

189 837 428 879 Nimbosus
461 851 534 878 aer
567 835 905 892 tempestatibus

138 919 170 944 ¹0
188 908 394 951 Nimbosi
425 909 563 950 nubes
596 908 796 964 pluuiose

190 980 454 1023 Nimfaticus
488 979 746 1036 arrepticius

190 1053 411 1096 Nimirum
449 1053 573 1095 ualde
606 1052 766 1094 mirum
804 1051 1050 1107 profectum

251 1129 420 1168 certum
452 1125 621 1167 scilicet

190 1197 401 1253 Nimquid
432 1212 521 1239 non
552 1196 716 1252 aliquid

190 1269 379 1326 Ninquis
410 1284 499 1312 non
531 1269 688 1325 aliquis

137 1351 170 1377 15
191 1341 352 1384 Niniue
384 1342 490 1384 urbs
519 1357 544 1383 a
569 1341 672 1383 nino
706 1354 807 1396 rege
842 1339 957 1381 dicta
991 1338 1052 1381 sic

191 1414 413 1456 Ninnarus
447 1414 611 1456 morior
638 1413 759 1456 cuius
785 1426 896 1453 uxor
926 1406 1052 1453 neca-

252 1490 324 1529 tur
357 1489 400 1528 et
431 1488 548 1528 tacet

191 1558 356 1614 Niquid
389 1557 580 1613 uisiquid

192 1630 369 1687 Niquod
400 1630 603 1685 nisiquod

192 1702 350 1745 Nitore
382 1703 528 1745 lucore
562 1701 791 1757 splendore

139 1786 173 1810 ‘20
193 1775 357 1818 Nitelle
389 1775 556 1816 nitores
589 1774 715 1829 parui

193 1847 351 1890 Nitens
385 1847 640 1889 incumbens

193 1919 354 1962 Nitura
386 1919 589 1976 genitura

193 1991 395 2034 Nouerca
426 1993 595 2033 matrea

193 2063 346 2106 Nocua
377 2078 492 2106 noxa
523 2062 731 2105 nocibilia
761 2062 918 2105 nociua

140 2147 175 2172 25
194 2135 337 2179 Nocte
369 2135 635 2191 intempesta
668 2134 810 2176 media
841 2136 969 2177 nocte

195 2208 495 2264 Noctipugam
528 2207 763 2249 abscenum
791 2206 905 2262 quod
932 2207 1056 2261 quasi

254 2280 459 2322 noctibus
493 2281 812 2335 compungatur

196 2352 311 2395 Nolo
343 2368 424 2394 neo
457 2367 546 2394 non
577 2351 710 2393 uelim

198 2425 541 2467 Nomenculator
571 2437 732 2465 nomen
758 2424 825 2463 est
852 2421 986 2463 officii
1012 2421 1057 2462 id

259 2500 324 2538 est
355 2510 594 2552 pei-nomen
626 2494 813 2537 clamare
846 2494 900 2535 ad
931 2508 1056 2549 pran-

259 2569 377 2610 dium
399 2568 637 2610 colatorem
663 2567 865 2608 dicebant
885 2565 1056 2620 antiqui

259 2641 542 2682 clamatorem
575 2654 630 2681 an
661 2639 999 2681 exclamatorem

200 2711 541 2754 Nomencalator
581 2711 696 2753 idem
733 2710 961 2753 nominum
993 2724 1058 2751 ca-

259 2785 375 2826 lator
432 2783 572 2826 calare
630 2783 832 2825 dicebant
889 2781 1059 2837 antiqui

259 2856 373 2898 idest
405 2855 619 2898 calamare

147 2940 182 2965 30
201 2927 416 2970 Noemma
446 2927 652 2982 uoluptas

731 146 988 182 EXCERPTA
1013 146 1079 181 EX
1105 145 1298 181 GLOSSIS
1324 145 1358 180 A
1379 145 1411 180 A

1088 256 1191 298 Non
1215 255 1504 298 frustrabitur
1529 270 1617 298 non
1641 257 1950 312 reprobabitur

1088 327 1191 370 Non
1222 328 1451 383 inopinum
1481 343 1571 370 non
1601 328 1873 384 insperatum

1090 399 1324 442 Nostrates
1356 403 1533 443 nostras

1090 470 1371 513 Nostrarium
1403 475 1656 514 nostrorum

1089 542 1385 585 Noscitabant
1418 545 1715 600 agnoscebant
1971 558 2005 584 35

1088 613 1369 658 Nostratium
1400 618 1674 658 nostrorum·

1089 686 1279 729 Noualia
1310 688 1407 730 loca
1439 688 1485 730 in
1517 704 1602 744 qua
1635 688 1806 730 cultura
1836 703 1952 731 noua

1089 758 1279 802 Noualia
1317 760 1415 802 loca
1456 761 1503 803 in
1548 761 1705 816 quibus
1747 763 1791 803 et
1832 775 1951 806 mare

1149 847 1282 874 naues
1316 833 1532 875 eiciuntur

1089 903 1311 946 Nauacule
1345 905 1513 947 rasoria
1546 908 1674 946 acuta

1089 975 1374 1018 Nouellatum
1408 976 1614 1032 quicquid
1647 979 1883 1019 renouatur

1089 1046 1218 1090 Nouo
1252 1048 1414 1090 auxilio
1447 1047 1553 1090 forti
1587 1048 1747 1091 auxilio

1090 1119 1328 1162 Nouellum
1360 1135 1524 1162 nouum
1556 1119 1747 1162 inuisum

1090 1191 1192 1234 Nox
1222 1193 1513 1248 intemperata
1545 1192 1688 1234 media
1718 1208 1805 1235 nox

1091 1263 1290 1306 Noxialis
1322 1264 1503 1306 nociuus

1091 1335 1215 1378 Noxe
1248 1336 1383 1392 ligate

1090 1407 1294 1463 Nuptant
1325 1410 1498 1451 nubunt

1091 1478 1349 1535 Nuptialem
1387 1484 1454 1523 ter
1493 1481 1644 1523 amicti
1684 1481 1815 1524 solito
1854 1482 1954 1537 plus

1152 1556 1308 1595 ornata
1340 1556 1415 1595 aut
1448 1554 1594 1596 uelata

1091 1623 1246 1667 Nuclei
1280 1626 1429 1667 mundi
1462 1625 1678 1668 enucleati

1092 1695 1266 1738 Nucula
1299 1698 1469 1740 somnia

1093 1768 1273 1810 Nudant
1305 1770 1516 1825 detegunt

1093 1839 1249 1882 Nudus
1282 1841 1441 1883 tertius
1474 1842 1541 1883 die
1574 1843 1732 1884 tertius

1094 1911 1213 1955 Nudi
1245 1914 1416 1968 pedalia

1093 1984 1247 2040 Nugas
1280 1985 1391 2027 nihil

1094 2056 1298 2114 Nugaces
1330 2059 1433 2100 bani
1466 2059 1577 2101 fatui

1094 2129 1337 2185 Nugacitas
1369 2130 1544 2173 banitas
1576 2131 1749 2173 insania
1975 2145 2010 2170 55

1094 2200 1395 2258 Nugigerulus
1458 2202 1568 2244 nihil
1631 2217 1787 2259 gerens
1844 2202 1954 2245 nihil

1154 2277 1336 2329 portans

1095 2345 1248 2402 Nugas
1281 2346 1451 2388 inutilis

1095 2417 1232 2474 Nugii
1265 2419 1441 2474 gerulus
1475 2419 1592 2474 turpi
1625 2419 1768 2461 nuntii

1094 2489 1237 2546 Nugis
1270 2490 1407 2532 faedis

1094 2561 1322 2618 Nugorem
1354 2562 1556 2604 inutilem
1976 2578 2010 2603 00

1095 2633 1272 2677 Nullius
1307 2635 1518 2677 momenti
1544 2634 1676 2676 homo
1707 2650 1787 2690 pro
1814 2635 1953 2677 nihilo

1156 2709 1435 2762 computatus

1096 2777 1270 2821 Numen
1283 2779 1449 2821 idolum
1461 2778 1727 2834 deungulum
1739 2779 1810 2820 ue]
1823 2793 1955 2835 augu-

1156 2851 1270 2893 rium
1303 2865 1379 2893 seu
1411 2850 1640 2893 maiestate
1673 2850 1778 2893 deus

1097 2922 1344 2965 Numerosa
1375 2923 1513 2965 multa

1971 992 2006 1017 40

1971 1354 2007 1379 45

1975 1784 2011 1810 50

301 3097 354 3127 16.
380 3092 498 3127 morio
525 3104 548 3127 α
579 3094 590 3136 Η
628 3095 683 3126 26.
712 3091 914 3126 obscenum
941 3104 963 3126 α
993 3092 1006 3136 ΙΙ
1042 3093 1099 3125 29.
1127 3088 1290 3124 clamare
1317 3101 1340 3124 a
1371 3090 1382 3134 ΙΙ
1414 3091 1468 3124 37,
1503 3088 1546 3123 fit
1571 3088 1656 3125 add.
1683 3089 1734 3124 ab
1767 3090 1779 3135 ΙΙ
1811 3092 1865 3124 51.
1895 3087 1955 3124 die

203 3151 315 3186 tertio
342 3153 392 3187 ab
412 3153 424 3198 Η
444 3155 499 3187 54.
527 3151 615 3186 uani
642 3153 693 3187 ab
713 3153 724 3197 ΙΙ
744 3156 800 3187 55.
827 3151 978 3186 uanitas
1005 3151 1056 3186 ab
1076 3153 1087 3197 ss
1117 3154 1172 3186 62.
1199 3149 1426 3184 deunculum
1452 3150 1472 3184 b
1497 3150 1509 3195 ΙΙ
