2216 3402
655 94 888 130 PLACIDVS
915 95 1167 131 LIBRORVM
1193 96 1298 132 ROM
1305 96 1510 132 ANORVM

207 204 428 246 Frestram
462 204 710 246 fenestram.

207 275 384 317 Fostori
415 290 576 318 nomen
608 275 774 318 clatori.

207 347 338 388 Freta
358 350 503 389 moeta
519 350 714 389 crumata
734 347 804 389 uel
826 348 1061 389 modulosa.

208 417 383 460 Flatare
412 433 569 475 augere
597 419 665 460 uel
694 419 885 473 amplum
910 418 1062 461 facere.

171 498 187 523 5
208 489 425 532 Facessite
448 493 514 532 031
534 490 906 545 frequentatiuum
932 490 1062 533 facite

266 561 447 603 dicimus
480 564 523 602 et
556 561 757 603 facessite
790 561 1042 604 recedimus.

205 632 370 674 Fenero
408 632 579 674 feneror
618 632 800 675 dicimus
844 633 1061 688 habetque

265 706 452 759 quatuor
477 704 710 760 participia
737 705 790 747 ab
813 705 954 747 0011110
978 706 1061 748 duo

264 775 484 818 feneratus
517 775 788 818 fenerandus.

205 847 238 889 F
245 862 378 890 oenus
435 847 606 904 generis
655 848 799 889 neutri
851 852 918 890 est
979 850 1060 892 hoc

262 919 386 961 fenus
407 918 569 962 fenoris
589 918 731 960 fenori
750 919 874 962 fenus
897 936 921 962 0
936 920 1059 963 fenus

263 1006 288 1032 a
313 990 460 1033 fenore
493 990 668 1033 difficile
696 991 739 1032 in
766 1006 847 1033 usu
874 992 1058 1048 legimus

261 1062 420 1118 plurali
446 1077 625 1104 numero
653 1062 837 1104 maxime
864 1064 1057 1105 nomina-

262 1134 402 1176 tiuum
418 1134 723 1176 accusatiuum
743 1137 787 1176 et
808 1135 1057 1176 uocatiuum

261 1211 445 1261 possunt
477 1209 621 1247 tamen
656 1206 816 1248 fenora.

202 1277 362 1319 Factus
406 1277 483 1319 illa
521 1293 588 1319 res
629 1278 788 1320 dicitur
829 1280 872 1319 et
917 1278 1057 1321 faetus

260 1349 381 1390 illam
420 1364 512 1391 rem
550 1352 599 1390 ut
642 1350 678 1391 si
718 1349 834 1392 dicas
880 1352 1056 1396 effectus

261 1423 327 1463 est
360 1436 458 1463 caro
493 1424 536 1463 et
573 1421 752 1464 effectus
787 1426 852 1464 est
886 1439 1057 1467 carnem

261 1493 335 1535 sed
360 1492 514 1535 melius
541 1494 813 1537 nominatiuo
836 1511 965 1551 quam
992 1513 1057 1540 00-

260 1564 469 1607 00301100.

201 1635 407 1691 Forcipes
439 1651 527 1678 non
559 1636 730 1680 forfices
764 1639 958 1683 dicimus.

149 1715 179 1740 10
200 1708 433 1750 Faeneuris
468 1723 563 1751 cum
597 1725 633 1751 a.

199 1779 359 1821 Fastus
394 1779 597 1834 superbia
629 1783 673 1823 et
705 1785 772 1824 est
802 1786 957 1838 quarta
991 1785 1058 1827 de-

259 1851 450 1892 clinatio.

199 1924 335 1966 Furui
367 1923 560 1966 furorem
592 1939 746 1979 passus
780 1941 889 1969 sum.

199 1997 444 2040 Fui-uarum
488 1996 711 2039 nationem
755 1999 953 2054 gentium
997 2001 1058 2042 ni-

259 2083 436 2125 grarum
446 2067 536 2109 indi
551 2069 730 2125 aegiptii
745 2071 883 2112 mauri
893 2072 1057 2114 aethio-

257 2155 333 2196 pes
377 2140 552 2181 furuum
597 2140 711 2182 enim
755 2156 834 2184 nos
880 2143 1056 2199 nigrum

258 2213 453 2255 dicimus.
497 2212 609 2253 unde
648 2212 765 2254 fures
799 2214 873 2269 qui
904 2214 951 2256 111
984 2216 1055 2257 ob-

259 2299 384 2327 scuro
416 2283 557 2325 latent
584 2286 627 2325 et
659 2284 772 2326 forni
804 2285 920 2327 furui
951 2301 1054 2343 ergo

257 2356 384 2411 nigri.

198 2427 416 2470 Fetutinis
454 2426 497 2469 id
536 2430 603 2469 est
642 2428 825 2471 sordidis
869 2430 1054 2473 occasio-

256 2500 385 2541 nibus
413 2514 521 2554 quae
549 2514 625 2554 per
644 2497 855 2543 'mulieres
888 2501 1054 2544 foetum

256 2570 396 2613 facere
428 2573 624 2625 possunt.

145 2644 177 2670 15
197 2641 426 2684 Fediculae
454 2644 555 2684 sunt
574 2643 762 2698 ungulae
783 2644 940 2699 quibus
967 2648 1053 2688 tor-

256 2716 442 2769 quentur
473 2713 518 2755 in
550 2713 696 2756 eculeo
729 2715 782 2757 ad
813 2731 974 2771 persas.

1901 99 1958 140 23

1103 206 1326 248 Festinate
1361 208 1487 248 aucto
1522 207 1609 248 cito
1641 207 1790 249 adulto
1824 210 1867 249 et
1894 211 1958 250 est

1162 278 1428 320 aduerbium.

1102 348 1367 391 Frimurium
1388 349 1558 406 generis
1578 349 1734 391 neutri.
1770 351 1876 391 item
1897 350 1955 392 fe·-

1162 420 1315 461 minini
1348 421 1557 464 frimuria.

1101 490 1308 532 Fetutina
1342 507 1409 534 res
1452 493 1574 535 fedae
1607 496 1650 535 et
1684 493 1880 535 sordidae
1914 496 1957 535 et

1161 562 1538 617 inquinatissimae
1572 579 1621 607 ac
1653 564 1866 607 mulieres.

1101 634 1219 675 Faxo
1253 633 1410 676 faciam
1437 636 1646 691 temporis
1679 639 1745 679 est
1776 636 1926 678 futuri.

1100 705 1330 748 Fornicem
1364 707 1612 749 mohetiam.
1975 721 2008 746 20

1100 777 1396 819 Fastidiosum
1436 777 1634 820 renidens
1668 780 1734 821 uel
1774 796 1853 835 pro
1887 781 1954 822 ad-

1160 864 1294 890 uuens
1322 849 1390 890 uel
1414 850 1688 892 consentiens
1715 851 1784 892 uel
1812 851 1954 893 ridens

1159 919 1357 962 renidens
1385 920 1499 962 enim
1525 921 1779 977 plerumque
1806 923 1953 964 uultus

1158 991 1315 1034 dicitur
1335 992 1504 1033 laetitia
1528 993 1597 1034 uel
1623 994 1712 1035 risu
1738 994 1954 1048 profusus.

1097 1063 1392 1106 Fastidiosum
1442 1078 1545 1105 uero
1596 1079 1674 1119 pro
1730 1064 1954 1107 fastidiose

1156 1134 1266 1176 dixit
1315 1150 1472 1177 nomen
1522 1150 1601 1190 pro
1647 1136 1853 1178 aduerbio
1908 1140 1956 1177 ut

1156 1209 1222 1247 est
1256 1209 1516 1262 toruumque
1550 1210 1727 1261 repente
1760 1207 1928 1250 clamat.

1096 1277 1262 1319 Futura
1280 1277 1570 1320 allucinentur
1583 1280 1705 1333 quasi
1721 1280 1794 1320 lux
1810 1280 1953 1322 011030

1157 1364 1353 1391 sermone
1386 1349 1551 1392 11100110
1582 1351 1847 1406 praedicant.

1096 1419 1291 1476 Ferrugo
1324 1435 1461 1477 genus
1490 1422 1706 1477 quoddam
1738 1422 1952 1465 tincturae

1156 1491 1310 1534 similis
1342 1508 1558 1548 purpurae
1590 1493 1809 1549 nigrioris.

1095 1563 1260 1605 Federa
1316 1565 1519 1607 dicuntur
1577 1566 1820 1608 sacerdotes
1876 1580 1954 1621 per
1973 1585 2006 1610 25

1156 1650 1263 1690 quos
1322 1635 1467 1679 federa
1522 1638 1633 1679 fiunt
1684 1636 1798 1678 inter
1847 1638 1952 1679 duas

1155 1710 1307 1763 gentes
1336 1723 1445 1763 quae
1477 1712 1578 1764 post
1605 1709 1767 1751 bellum
1802 1709 1855 1750 ad
1880 1724 1954 1764 pa-

1156 1795 1247 1822 cem
1275 1781 1463 1823 redeant.

1095 1851 1347 1894 Fatesceret
1378 1853 1578 1895 habunde
1612 1853 1864 1908 aperiretur.

1095 1923 1343 1966 Forasticas
1377 1924 1622 1967 exteriores.

1096 1995 1288 2051 Flagitia
1315 1995 1516 2038 dicuntur
1542 1996 1688 2051 turpia
1711 1999 1754 2037 et
1780 1996 1952 2038 sordida
2010 2013 2015 2017 ·

1154 2066 1385 2117 libidinum
1418 2068 1610 2110 crimina.

1095 2138 1424 2181 Festiuissimus
1457 2142 1523 2181 est
1555 2139 1646 2181 dies
1684 2140 1782 2194 plus
1822 2154 1951 2194 quam

1152 2210 1291 2252 festus
1325 2211 1484 2253 dicitur
1517 2214 1559 2253 et
1598 2212 1729 2253 homo
1763 2211 1951 2253 festiuis-

1154 2281 1288 2324 3111103
1322 2286 1364 2324 01
1396 2282 1725 2326 urbanissimus,

1128 2485 1348 2529 INCIPIT
1380 2485 1496 2528 PER
1529 2485 1567 2529 G
1599 2485 1912 2528 LITTERAM.
1969 2507 2004 2531 30

1093 2567 1245 2613 Gestio
1309 2570 1371 2612 sic
1433 2570 1674 2612 declinatur
1733 2569 1949 2624 quomodo

1151 2641 1278 2683 audio
1297 2641 1452 2683 01111010
1472 2641 1726 2683 amiciebam
1747 2643 1813 2682 est
1836 2640 1950 2682 enim

1151 2713 1292 2769 gestio
1326 2713 1521 2755 neutrale
1554 2714 1748 2754 uerbum.

291 2846 322 2878 2.
349 2853 486 2877 nomen
511 2842 646 2878 elatori
672 2856 694 2879 a
719 2845 731 2889 ss
762 2848 793 2881 3.
821 2856 881 2880 mo
898 2875 904 2881 .
922 2875 928 2882 .
945 2857 967 2881 a
992 2859 1010 2882 0
1035 2848 1046 2891 ΙΙ
1078 2849 1109 2880 5.
1138 2844 1194 2878 est
1219 2854 1285 2879 om.
1313 2844 1362 2888 011
1388 2847 1418 2878 7.
1445 2841 1589 2888 plurari
1615 2854 1638 2877 a
1660 2843 1664 2886 1
1688 2840 1949 2876 accusatiuum

197 2903 235 2936 et
266 2901 484 2936 0000110001
515 2913 580 2938 om.
607 2915 631 2938 a
653 2904 657 2948 Ι
686 2914 729 2938 00
760 2909 879 2940 servat
903 2917 922 2941 0
941 2907 951 2951 ΙΙ
986 2909 1039 2941 10.
1066 2902 1267 2940 Faeneuris
1301 2905 1337 2946 (a
1362 2904 1404 2938 in
1429 2903 1517 2947 ras.)
1544 2903 1562 2937 b
1582 2903 1594 2945 ΙΙ
1636 2905 1689 2936 12.
1722 2900 1820 2936 sorni
1850 2900 1951 2935 furui

197 2963 256 3006 (esc
282 2961 395 3006 furni)
423 2973 446 2996 α
471 2973 515 2996 m.
530 2964 565 2997 2.
591 2961 689 2997 forui
713 2963 814 2998 furui
839 2976 858 3000 0
884 2969 968 3000 ante
993 2976 1084 3001 corr.
1106 2966 1117 3009 Η
1150 2967 1204 2998 14,
1231 2961 1417 2997 Fetutiuis
1444 2974 1467 2996 a
1498 2963 1509 3006 ΙΙ
1542 2965 1596 2996 18.
1623 2972 1683 2996 103
1710 2973 1733 2996 α
1758 2962 1769 3006 11
1802 2963 1857 2996 21.
1885 2960 1949 2994 ad-

196 3020 318 3055 iuiens
346 3021 392 3055 bc
420 3021 425 3065 1
447 3019 620 3055 renidens
647 3022 693 3057 bc
715 3025 719 3066 Ι
750 3022 957 3068 plerunque
985 3025 1004 3059 b
1028 3026 1032 3068 1
1055 3021 1208 3057 10011010
1233 3034 1257 3056 α
1275 3023 1286 3065 ΙΙ
1307 3024 1362 3056 24.
1391 3019 1501 3054 simil'
1527 3021 1560 3056 b.
1587 3019 1698 3055 simul
1725 3033 1747 3055 a
1767 3022 1777 3067 ΙΙ
1798 3024 1852 3056 26.
1881 3021 1949 3056 Fa-

198 3069 351 3116 tisce‘ret
377 3091 421 3115 εχ
446 3079 660 3115 Fateseeret
686 3082 812 3127 121128.
840 3082 1011 3128 Flagieia
1036 3095 1059 3118 α
1078 3084 1089 3127 11
1116 3085 1170 3116 30.
1197 3079 1446 3116 1Nc1P1vNT
1473 3092 1496 3114 a
1523 3081 1535 3125 ῃ
