2257 3490
284 154 370 196 310

280 264 533 321 Magaduris
567 264 664 306 silio

280 335 501 391 Mappalia
532 334 722 376 tentoria
753 334 994 390 papiliones

281 407 596 462 Manipularius
642 407 726 448 dux
771 406 841 448 uel
894 407 967 462 qui
1012 408 1136 462 reget

339 478 576 520 exercitum

281 550 473 592 Mantica
506 550 700 592 crumina
731 565 835 606 pera
868 552 943 605 fg.

246 634 261 658 5
280 621 503 663 Mastruea
535 622 773 677 depellibus
808 621 957 664 cocula

281 693 548 736 Machinatio
582 694 706 735 dolus
740 693 1007 750 excogitatio

281 764 512 806 Marti·isca
544 779 572 821 g
604 765 686 807 fico

282 836 517 879 Malaehim
550 851 702 893 regum
729 837 840 879 liber

281 909 424 951 Macte
458 906 598 965 magis
632 912 783 951 auctae

230 992 262 1016 10
282 981 485 1023 Malefida
516 981 761 1037 periculosa

281 1051 490 1094 Macellus
523 1053 598 1095 ubi
632 1053 886 1095 occiduntur
920 1052 1127 1093 animalia

282 1123 476 1166 Metatur
509 1128 656 1167 manet

282 1195 402 1238 Meta
433 1196 532 1238 finis

282 1267 567 1310 Meticulosus
595 1268 773 1310 timidus
795 1269 864 1310 uel
886 1268 1141 1310 metuendus

232 1351 265 1375 15
285 1338 409 1381 Mene
442 1355 510 1381 me
538 1354 642 1394 ergo

284 1410 579 1453 Meditulliuni
636 1412 1013 1454 medioterrarium
1070 1411 1140 1453 uel

343 1482 531 1524 inmedio
565 1498 716 1538 eampo
751 1484 944 1526 eminens
977 1484 1098 1525 loeus

284 1553 385 1595 Mea
417 1556 544 1609 aptae
578 1570 674 1596 mea
706 1555 842 1610 ipsius

286 1625 407 1668 Mero
441 1626 585 1668 animo
619 1627 806 1682 simplici
840 1627 922 1668 fide
957 1627 1125 1669 sincera

286 1697 427 1753 Mergi
460 1697 597 1740 fustes
631 1698 788 1753 quibus
821 1714 991 1741 menses
1025 1699 1141 1741 colli-

346 1771 510 1824 guntur
541 1770 611 1811 uel
644 1770 765 1812 eorui
797 1770 953 1812 marini

234 1854 267 1878 20
288 1840 525 1882 Melodium
557 1841 745 1884 mulcido
779 1842 1026 1884 conuiuium

287 1912 450 1954 Memet
481 1916 665 1955 metmet
698 1913 843 1969 ipsum

288 1983 595 2027 Meloncoliani
635 1985 776 2041 frigus
816 1988 859 2026 et
900 1986 1038 2028 siccus
1071 1986 1147 2027 hu—

347 2070 442 2097 mor
473 2057 541 2098 uel
570 2057 701 2113 migri
728 2057 841 2099 fellis
869 2060 1100 2100 aucmenta
1114 2055 1145 2106 ¹)

346 2129 602 2183 utipoc-ratis

286 2198 481 2242 Memora
512 2200 655 2243 indica

286 2271 507 2313 Metentus
540 2272 738 2327 regiones
773 2276 875 2314 sunt

234 2354 266 2378 ²5
287 2343 472 2385 Melotes
505 2344 640 2398 pelles
675 2345 846 2398 sordide

289 2414 518 2456 Mensuum
551 2418 847 2457 mensuratum

288 2485 408 2527 Meat
441 2488 585 2528 murat

289 2557 428 2599 Melos
462 2557 786 2600 canticarminis

291 2628 517 2684 Melopelis
550 2629 674 2685 quasi
708 2630 911 2672 carminis
945 2630 1085 2672 factor

238 2712 272 2735 ³0
291 2699 550 2742 Meliuscula
580 2692 684 2742 feffii
716 2700 831 2757 regit
856 2703 939 2757 gen
967 2692 1144 2743 dimi-na—

351 2772 468 2813 tiuae
518 2772 587 2813 uel
640 2772 892 2814 adum-bium
945 2776 1012 2815 est
1051 2789 1146 2828 pro·

351 2842 653 2900 dimisciseii2)
687 2844 794 2885 bene
827 2844 896 2885 uel
930 2845 1041 2886 male

294 2914 586 2956 Merdedarius
615 2915 688 2970 qui
713 2915 788 2956 dat
808 2916 1047 2958 mercedem
1068 2932 1146 2971 pro

352 2986 500 3027 labore
535 2985 624 3028 siue
657 2986 838 3041 inpenso
1057 2984 1059 2986 ’

776 153 1083 189 GLOSSARIVM
1109 153 1252 188 AMPL.
1281 153 1546 189 SECVNDVM

1178 263 1502 306 Mercennarius
1536 263 1610 319 qui
1644 264 1803 319 accipit

1177 333 1402 377 Medianus
1437 335 1510 390 qui
1543 336 1588 377 in
1620 336 1762 378 medio
1796 339 1862 378 est

1178 406 1348 449 Merum
1382 407 1568 449 sicerum

1178 478 1465 522 Mediastinus
1501 481 1728 523 ualneator
1758 495 1859 522 nam
1893 480 2033 536 primo
2054 491 2089 516 35

1176 551 1466 593 Mediustinus
1506 552 1646 594 dictus
1689 555 1755 594 est
1797 552 1921 607 quasi
1961 566 2035 608 po-

1237 623 1347 664 situs
1381 623 1646 665 indiustione

1177 694 1403 737 Menstrua
1431 711 1455 737 a
1487 710 1636 737 mensa
1663 695 1781 737 dieta
1813 696 1855 737 id
1881 695 2035 738 tricen-

1238 767 1416 809 simaria

1177 838 1393 881 Messores
1427 839 1655 881 ametendo
1688 840 1730 881 id
1765 839 1977 882 asecando

1177 910 1400 953 Mensores
1458 911 1695 953 amenendo
1747 911 1790 952 id
1842 925 2035 953 amensu-

1239 983 1372 1025 raudo

1178 1054 1370 1096 Metetur
1402 1055 1643 1097 medicatur
2056 1068 2092 1092 40

1180 1126 1499 1182 Mesopicatum
1525 1126 1797 1182 tyumedium
1822 1126 2016 1181 picatum

1182 1198 1400 1240 Menstrae
1434 1199 1646 1240 mensales

1182 1270 1409 1312 Medanme
1443 1270 1649 1312 iuba-men
1681 1270 1885 1312 sanitatis

1182 1341 1428 1384 Meditullio
1477 1341 1800 1396 inquocumque
1853 1342 2040 1398 applica—

1242 1413 1357 1455 berit
1389 1414 1489 1456 loco
1519 1416 1620 1456 ante
1654 1429 1884 1469 uesperum

1180 1485 1368 1527 Messala
1401 1500 1567 1527 messor
2057 1497 2092 1522 45

1182 1557 1362 1599 Metalla
1388 1557 1622 1599 lammulae
1650 1557 1743 1599 auri
1770 1558 1839 1599 uel
1868 1558 2038 1614 argenti

1180 1628 1463 1671 Mediusfidus
1509 1629 1802 1670 iuramentum
1847 1643 2038 1685 pagano-

1240 1715 1337 1742 rum

1183 1772 1351 1814 Merum
1384 1772 1600 1814 sincerum

1186 1844 1470 1887 Mercimonia
1502 1845 1823 1900 negotiationes

1186 1916 1385 1971 Meropes
1419 1931 1520 1958 aues
1553 1916 1707 1971 apibus
1740 1917 1940 1960 inimicae
2059 1930 2095 1955 5⁰

1185 1988 1494 2030 Machinieium
1527 1988 1849 2044 excogitatione
1883 1988 2027 2045 operis

1184 2060 1344 2102 Mentis
1379 2075 1555 2115 campus
1589 2075 1691 2102 sane
1724 2061 1883 2103 mentis

1183 2132 1441 2187 Meirepsica
1472 2132 1764 2187 unguentaria

1184 2203 1318 2245 Mitra
1351 2218 1510 2245 corona

1182 2275 1355 2317 Misitat
1387 2275 1635 2330 frequenter
1667 2275 1806 2316 mittit

1184 2347 1377 2388 Misitius
1410 2346 1484 2401 qui
1516 2346 1721 2388 militiam
1754 2346 1931 2389 exhibet

1182 2418 1293 2460 Mihi
1325 2418 1462 2460 datiin
1495 2419 1570 2474 reg
1603 2419 1676 2460 (za—s

2059 2287 2092 2313 55

1182 2490 1404 2544 Mihiphsa
1436 2505 1511 2531 rex
1542 2490 1629 2532 fuit
1660 2491 1960 2532 numediarum

1184 2562 1388 2603 Militaris
1423 2562 1626 2616 opinatur
1658 2562 1700 2603 id
1734 2564 1861 2604 uetus
1895 2563 2019 2604 miles

1184 2633 1379 2675 Misellus
1413 2633 1544 2675 miser
1577 2633 1718 2674 minor

1184 2704 1329 2745 Minus
1363 2704 1436 2758 qui
1470 2702 1610 2760 agit3)

1185 2775 1439 2831 Mimilogus
1473 2775 1545 2830 qui
1579 2775 1719 2816 minos
1752 2776 1878 2817 (locet

2057 2646 2091 2671 60

1185 2846 1458 2888 Minotaurus
1486 2849 1730 2888 monstrum
1759 2848 1873 2901 quod
1897 2848 2038 2903 capite

1245 2917 1358 2960 tauri
1387 2918 1525 2959 altera
1549 2920 1671 2972 parte
1693 2919 1886 2974 corporis
1905 2919 2037 2961 homo

1245 2989 1329 3031 fuit
1362 2989 1655 3045 animoetrcge
1695 2989 1768 3044 qui
1802 2989 1945 3032 minus
1977 2990 2035 3032 di-

391 3140 425 3181 l)
453 3149 470 3171 c
492 3150 562 3182 pro
590 3139 606 3172 t
631 3150 721 3174 corr.
749 3150 792 3174 m.
815 3144 833 3173 1
867 3141 879 3184 ΙΙ
912 3143 947 3184 2)
975 3141 1129 3175 mediam
1154 3140 1167 3175 i
1192 3152 1369 3187 superscr.
1398 3153 1442 3177 m.
1459 3147 1476 3176 l
1511 3143 1522 3187 ΙΙ
1554 3143 1590 3186 3)
1615 3153 1641 3186 g
1665 3152 1841 3186 superscr.
1867 3152 1911 3176 m.
1927 3146 1945 3176 l
1978 3143 1990 3186 ΙΙ
