2221 3490
236 156 322 198 662
914 155 978 190 DE
1007 139 1303 191 LATINTTATE

235 266 448 308 Funditus
482 265 645 307 euersis
679 265 804 307 bonis
1131 265 1387 308 Intercessit
1418 264 1525 306 iuris
1558 264 1692 306 dictio

235 338 443 380 Fenebris
462 336 493 393 1)
526 336 710 392 pecunia
1130 337 1459 379 Inantecessum
1491 336 1610 377 dedit

235 408 530 452 Familiariter
563 423 661 450 eum
694 408 921 450 admonuit
1131 408 1465 451 Incommissum
1497 407 1653 449 habuit

235 482 393 524 Filium
426 480 606 523 sustulit
1130 480 1334 536 Indulget
1367 479 1452 521 sibi
1483 479 1586 521 uino
2007 495 2043 520 40

160 556 164 559 ’
198 571 212 595 5
234 554 435 596 Fundum
469 553 554 594 sibi
585 551 758 607 parauit
1129 550 1370 608 Inmssssefi)
1407 555 1619 607 quantum
1651 550 1786 593 distat

233 626 402 667 Fauore
434 624 613 666 uirtutis
1130 625 1179 666 In
1210 624 1441 679 procinctu
1474 626 1594 664 stant
1626 623 1769 678 parati

233 697 424 754 Fragilis
457 696 668 738 memoria
1128 695 1344 751 Impensis
1378 697 1582 737 exaustus

233 769 389 811 Fartas
424 766 761 811 auctoritatibus
1129 767 1401 809 lnueterauit
1434 765 1582 821 opinio
1611 792 1613 795 .

233 841 385 883 Fidem
418 840 604 883 excessit
1129 839 1182 881 In
1214 839 1436 880 infinitum
1470 838 1716 880 extenditur
1750 838 1860 880 hora
2008 853 2044 878 45

180 929 213 954 10
233 913 386 967 Fidem
417 913 626 968 implorat
1130 910 1426 953 Inexorabiles
1461 912 1504 952 et
1535 909 1818 965 inplacabiles

233 984 508 1027 Faborabilis
524 983 558 1041 2)
593 983 788 1026 condicio
1130 982 1382 1037 Intercepta
1414 997 1482 1023 res
1516 985 1583 1023 est

233 1057 378 1100 Facile
412 1057 495 1099 tibi
528 1058 594 1098 est
1130 1054 1297 1096 Infitias
1330 1053 1392 1095 ire

232 1128 410 1171 Florida
443 1128 583 1171 oratio
893 1140 898 1143 ·
1130 1126 1181 1168 In
1214 1124 1541 1181 comparatione
1574 1123 1665 1166 eius

1129 1197 1227 1240 Iure
1261 1197 1478 1239 ordinario
1512 1199 1714 1252 expertus
2009 1211 2043 1237 50

235 1246 436 1291 Graiam
469 1248 616 1290 delicti
649 1247 784 1289 faeias
1130 1269 1254 1311 Intra
1285 1269 1499 1325 perticam
1532 1268 1724 1311 ciuitatis
1759 1283 1860 1310 suae

180 1334 212 1360 15
234 1321 368 1364 Gulae
402 1321 572 1362 deditus

235 1393 423 1435 Gulosus
454 1407 562 1448 puer
1129 1377 1303 1420 Libello
1338 1377 1587 1432 complexus
1628 1379 1695 1418 est
1727 1376 1990 1418 desiderium

235 1463 435 1507 Genealis
468 1465 599 1506 homo
1128 1449 1314 1504 Liquido
1348 1449 1511 1490 iurauit

1129 1521 1311 1576 Liquide
1345 1520 1507 1562 iurauit

232 1583 402 1626 Habita
434 1583 660 1639 questione
694 1581 982 1637 detorqueisis
1128 1594 1303 1636 Limam
1336 1595 1540 1647 tergoque
1574 1606 1771 1633 sermone
2008 1605 2043 1631 55

233 1656 467 1711 Hucusque
500 1653 764 1697 temeritatis
798 1653 981 1696 accessit
1059 1666 1069 1669 ·
1129 1666 1266 1707 Lassa
1299 1668 1365 1706 est
1397 1679 1465 1705 res

1129 1737 1292 1794 Legem
1325 1735 1624 1791 promulgauit

1128 1809 1282 1864 Longo
1315 1807 1549 1849 interuallo

1128 1881 1289 1936 Liquet
1322 1880 1430 1922 mihi
1463 1880 1513 1921 de
1547 1879 1691 1921 animo
1724 1881 1800 1920 tuo

179 1792 212 1816 20
231 1774 451 1818 Iudicium
485 1774 692 1818 conflauit

232 1848 450 1890 Inuidiam
481 1847 622 1889 mouit

232 1919 504 1976 Infatigabili
536 1918 749 1974 patientia

593 1991 600 1998 .
1130 1954 1262 1996 Ludit
1296 1952 1539 1994 absentiam
1573 1966 1713 1992 meam
2008 1964 2043 1989 60

231 1992 418 2046 Inpensa
449 2006 633 2046 pecunia

233 2064 306 2105 Ius
340 2063 555 2105 amicitiae
589 2061 774 2104 uiolauit
1130 2061 1313 2104 Meliora
1344 2058 1428 2102 tibi
1460 2059 1623 2114 sponde

180 2149 212 2175 25
232 2135 476 2177 Infuscauit
507 2135 716 2190 pudorem
749 2133 840 2175 eius
1130 2133 1317 2175 Multam
1349 2132 1415 2174 illi
1448 2131 1536 2172 dixi

231 2206 528 2249 Inaccessibili
561 2206 709 2247 littera
1130 2204 1284 2246 Mutua
1315 2203 1410 2246 uice

233 2277 527 2334 Infatigabilis
561 2277 692 2320 homo
1130 2276 1244 2318 Male
1276 2289 1506 2331 praesumo
1540 2274 1591 2316 de
1623 2273 1700 2315 illo

231 2349 554 2391 Inextricabilis
589 2363 708 2390 error
1130 2347 1244 2390 Male
1278 2346 1480 2389 existimo
2009 2357 2042 2383 65

232 2421 534 2463 Inremeabilis
567 2421 640 2462 uia
1132 2419 1319 2461 Mortem
1353 2418 1436 2460 sibi
1470 2418 1656 2460 adsciuit

182 2507 215 2531 :30
235 2491 500 2550 Inlibatus3)
533 2493 599 2534 ius
634 2507 777 2534 meum
810 2506 1046 2546 persequar
1131 2491 1230 2533 Mea
1263 2491 1479 2532 sententia
1515 2489 1709 2545 perfecta
1742 2491 1809 2530 est
1854 2513 1864 2523 ·

234 2564 429 2606 Insulam
462 2566 768 2606 s*****actus
802 2561 913 2618 est4)
1132 2563 1274 2604 Maius
1309 2562 1518 2604 auxilium

234 2636 287 2678 In
317 2637 415 2678 laxo
448 2636 645 2691 possides
1131 2634 1322 2677 Multum
1355 2634 1439 2676 sibi
1471 2632 1703 2689 adrogauit

235 2708 353 2749 Inter
386 2723 430 2750 se
464 2707 782 2764 disgladiantur
1130 2706 1369 2748 Mendaciis
1391 2706 1443 2746 ad
1471 2705 1702 2746 arbitrium
1729 2718 1856 2746 suum
1876 2717 1988 2745 com·
2008 2715 2042 2741 το

234 2779 444 2821 Inbecillo
477 2779 653 2836 ingenio
1189 2779 1345 2834 positis

183 2864 216 2889 3>
236 2850 287 2892 ln
319 2851 507 2907 gratiam
540 2851 652 2892 redit
685 2866 781 2892 cum
814 2851 889 2892 illo
1130 2850 1276 2892 Merus
1310 2864 1450 2891 sermo

235 2921 383 2963 Inhiat
414 2923 540 2964 bonis
574 2922 665 2964 eius
1131 2921 1291 2963 Modici
1323 2920 1576 2976 patrimonii

334 3030 367 3072 1)
400 3038 418 3062 e
440 3029 548 3073 prior
573 3032 756 3073 arpmzcta
780 3033 814 3063 et
845 3040 868 3063 u
893 3019 1178 3073 suprascripta
1215 3028 1226 3071 ΙΙ
1264 3027 1299 3071 2)
1331 3038 1410 3071 sup.
1437 3026 1461 3060 b
1484 3026 1601 3070 prior.
1628 3036 1652 3058 u
1677 3024 1816 3069 scripta
1852 3024 1863 3068 ΙΙ
1901 3025 1938 3068 3)
1971 3034 1987 3057 s

237 3091 421 3131 expwzcta
447 3092 479 3122 et
506 3090 529 3122 fi
557 3099 601 3123 em
626 3099 650 3121 u
676 3093 836 3124 correcta
867 3090 879 3133 ΙΙ
910 3090 946 3132 4)
973 3089 1118 3122 circiter
1143 3088 1300 3132 quinque
1327 3087 1466 3121 litterae
1492 3086 1562 3131 Zeyi
1587 3095 1662 3119 non
1682 3087 1902 3129 potuerunt:
1927 3083 1988 3118 sed

241 3147 379 3192 reliqua
406 3158 543 3192 quoque
569 3148 708 3183 incuria
733 3149 745 3192 ΙΙ
766 3150 801 3193 5)
830 3158 849 3182 e
874 3149 927 3183 vel
952 3149 986 3191 t,
1013 3151 1097 3183 ante
1123 3158 1231 3192 quam
1257 3146 1351 3181 duae
1378 3146 1518 3180 litterae
1545 3144 1614 3190 lessi
1638 3155 1713 3178 non
1732 3146 1935 3189 potuerunt
1959 3144 1970 3188 ss
