<?xml version="1.0" encoding="UTF-8"?>
<!DOCTYPE html PUBLIC "-//W3C//DTD XHTML 1.0 Transitional//EN"
    "http://www.w3.org/TR/xhtml1/DTD/xhtml1-transitional.dtd">
<html xmlns="http://www.w3.org/1999/xhtml" xml:lang="en" lang="en">
 <head>
  <title>
</title>
<meta http-equiv="Content-Type" content="text/html;charset=utf-8" />
  <meta name='ocr-system' content='tesseract 3.04.00' />
  <meta name='ocr-capabilities' content='ocr_page ocr_carea ocr_par ocr_line ocrx_word'/>
</head>
<body>
  <div class='ocr_page' id='page_1' title='image "./corpusglossarior05linduoft/corpusglossarior05linduoft_0596.png"; bbox 0 0 2221 3490; ppageno 0'>
   <div class='ocr_carea' id='block_1_1' title="bbox 227 161 314 201">
    <p class='ocr_par' dir='ltr' id='par_1_1' title="bbox 227 161 314 201">
     <span class='ocr_line' id='line_1_1' title="bbox 227 161 314 201; baseline -0.011 0"><span class='ocrx_word' id='word_1_1' title='bbox 227 161 314 201; x_wconf 76' lang='lat'>554</span> 
     </span>
    </p>
   </div>
   <div class='ocr_carea' id='block_1_2' title="bbox 170 270 1085 2629">
    <p class='ocr_par' dir='ltr' id='par_1_2' title="bbox 170 270 1085 2629">
     <span class='ocr_line' id='line_1_2' title="bbox 226 270 1082 324; baseline -0.004 -12"><span class='ocrx_word' id='word_1_2' title='bbox 226 270 363 312; x_wconf 81' lang='lat' dir='ltr'>Licini</span> <span class='ocrx_word' id='word_1_3' title='bbox 399 270 471 324; x_wconf 86' lang='lat' dir='ltr'>qui</span> <span class='ocrx_word' id='word_1_4' title='bbox 506 283 667 310; x_wconf 86' lang='lat' dir='ltr'>cornua</span> <span class='ocrx_word' id='word_1_5' title='bbox 700 282 874 310; x_wconf 86' lang='lat' dir='ltr'>sursum</span> <span class='ocrx_word' id='word_1_6' title='bbox 907 283 1082 310; x_wconf 86' lang='lat' dir='ltr'>uersum</span> 
     </span>
     <span class='ocr_line' id='line_1_3' title="bbox 284 341 639 383; baseline -0.006 0"><span class='ocrx_word' id='word_1_7' title='bbox 284 342 441 383; x_wconf 85' lang='lat' dir='ltr'>reflexa</span> <span class='ocrx_word' id='word_1_8' title='bbox 474 341 639 382; x_wconf 87' lang='lat' dir='ltr'>habent</span> 
     </span>
     <span class='ocr_line' id='line_1_4' title="bbox 225 412 1083 455; baseline -0.001 0"><span class='ocrx_word' id='word_1_9' title='bbox 225 414 347 455; x_wconf 81' lang='lat' dir='ltr'>Litus</span> <span class='ocrx_word' id='word_1_10' title='bbox 392 413 513 454; x_wconf 86' lang='lat' dir='ltr'>loeus</span> <span class='ocrx_word' id='word_1_11' title='bbox 561 412 674 454; x_wconf 86' lang='lat' dir='ltr'>circa</span> <span class='ocrx_word' id='word_1_12' title='bbox 719 427 838 454; x_wconf 82' lang='lat' dir='ltr'>aram</span> <span class='ocrx_word' id='word_1_13' title='bbox 884 415 928 455; x_wconf 87' lang='lat' dir='ltr'>et</span> <span class='ocrx_word' id='word_1_14' title='bbox 973 413 1083 455; x_wconf 89' lang='lat' dir='ltr'>mari</span> 
     </span>
     <span class='ocr_line' id='line_1_5' title="bbox 281 485 450 526; baseline 0 0"><span class='ocrx_word' id='word_1_15' title='bbox 281 485 450 526; x_wconf 87' lang='lat' dir='ltr'>uicinus</span> 
     </span>
     <span class='ocr_line' id='line_1_6' title="bbox 225 555 1084 613; baseline 0.001 -15"><span class='ocrx_word' id='word_1_16' title='bbox 225 558 392 613; x_wconf 82' lang='lat' dir='ltr'>Lingue</span> <span class='ocrx_word' id='word_1_17' title='bbox 425 570 550 612; x_wconf 83' lang='lat' dir='ltr'>grece</span> <span class='ocrx_word' id='word_1_18' title='bbox 585 555 775 611; x_wconf 84' lang='lat' dir='ltr'>quinque</span> <span class='ocrx_word' id='word_1_19' title='bbox 813 559 914 599; x_wconf 88' lang='lat' dir='ltr'>sunt</span> <span class='ocrx_word' id='word_1_20' title='bbox 947 557 1084 599; x_wconf 81' lang='lat' dir='ltr'>eolica</span> 
     </span>
     <span class='ocr_line' id='line_1_7' title="bbox 280 628 1045 671; baseline 0.001 -1"><span class='ocrx_word' id='word_1_21' title='bbox 280 629 423 671; x_wconf 83' lang='lat' dir='ltr'>ionica</span> <span class='ocrx_word' id='word_1_22' title='bbox 455 628 602 670; x_wconf 85' lang='lat' dir='ltr'>dorica</span> <span class='ocrx_word' id='word_1_23' title='bbox 635 628 770 670; x_wconf 85' lang='lat' dir='ltr'>attica</span> <span class='ocrx_word' id='word_1_24' title='bbox 803 630 1045 671; x_wconf 88' lang='lat' dir='ltr'>communis</span> 
     </span>
     <span class='ocr_line' id='line_1_8' title="bbox 225 699 712 743; baseline -0.002 -1"><span class='ocrx_word' id='word_1_25' title='bbox 225 702 373 743; x_wconf 86' lang='lat' dir='ltr'>Lictus</span> <span class='ocrx_word' id='word_1_26' title='bbox 408 699 564 742; x_wconf 89' lang='lat' dir='ltr'>ciuitas</span> <span class='ocrx_word' id='word_1_27' title='bbox 598 702 712 742; x_wconf 87' lang='lat' dir='ltr'>crete</span> 
     </span>
     <span class='ocr_line' id='line_1_9' title="bbox 186 771 785 827; baseline 0.002 -14"><span class='ocrx_word' id='word_1_28' title='bbox 186 786 201 809; x_wconf 76' lang='grc' dir='ltr'>ῡ</span> <span class='ocrx_word' id='word_1_29' title='bbox 222 773 404 814; x_wconf 86' lang='lat' dir='ltr'>Librum</span> <span class='ocrx_word' id='word_1_30' title='bbox 435 771 606 827; x_wconf 86' lang='lat' dir='ltr'>lignum</span> <span class='ocrx_word' id='word_1_31' title='bbox 639 787 785 814; x_wconf 86' lang='lat' dir='ltr'>rasum</span> 
     </span>
     <span class='ocr_line' id='line_1_10' title="bbox 222 844 1081 899; baseline 0 -13"><span class='ocrx_word' id='word_1_32' title='bbox 222 845 402 886; x_wconf 84' lang='lat' dir='ltr'>Limbus</span> <span class='ocrx_word' id='word_1_33' title='bbox 436 844 572 886; x_wconf 84' lang='lat' dir='ltr'>fascia</span> <span class='ocrx_word' id='word_1_34' title='bbox 601 858 682 899; x_wconf 65' lang='lat' dir='ltr'>que</span> <span class='ocrx_word' id='word_1_35' title='bbox 717 845 856 886; x_wconf 88' lang='lat' dir='ltr'>ambit</span> <span class='ocrx_word' id='word_1_36' title='bbox 884 846 1081 887; x_wconf 78' lang='lat' dir='ltr'>extremi—</span> 
     </span>
     <span class='ocr_line' id='line_1_11' title="bbox 282 916 642 958; baseline 0.003 -1"><span class='ocrx_word' id='word_1_37' title='bbox 282 919 419 958; x_wconf 84' lang='lat' dir='ltr'>tatem</span> <span class='ocrx_word' id='word_1_38' title='bbox 452 916 642 958; x_wconf 87' lang='lat' dir='ltr'>uestium</span> 
     </span>
     <span class='ocr_line' id='line_1_12' title="bbox 223 988 729 1030; baseline 0.002 -1"><span class='ocrx_word' id='word_1_39' title='bbox 223 988 378 1030; x_wconf 87' lang='lat' dir='ltr'>Libido</span> <span class='ocrx_word' id='word_1_40' title='bbox 411 988 455 1029; x_wconf 88' lang='lat' dir='ltr'>in</span> <span class='ocrx_word' id='word_1_41' title='bbox 488 988 628 1030; x_wconf 90' lang='lat' dir='ltr'>iecore</span> <span class='ocrx_word' id='word_1_42' title='bbox 663 991 729 1030; x_wconf 86' lang='lat' dir='ltr'>est</span> 
     </span>
     <span class='ocr_line' id='line_1_13' title="bbox 224 1060 1082 1115; baseline 0.002 -13"><span class='ocrx_word' id='word_1_43' title='bbox 224 1061 333 1102; x_wconf 79' lang='lat' dir='ltr'>Liba</span> <span class='ocrx_word' id='word_1_44' title='bbox 364 1060 562 1115; x_wconf 74' lang='lat' dir='ltr'>placente</span> <span class='ocrx_word' id='word_1_45' title='bbox 590 1060 640 1102; x_wconf 87' lang='lat' dir='ltr'>de</span> <span class='ocrx_word' id='word_1_46' title='bbox 667 1060 781 1103; x_wconf 83' lang='lat' dir='ltr'>farre</span> <span class='ocrx_word' id='word_1_47' title='bbox 810 1064 854 1104; x_wconf 91' lang='lat' dir='ltr'>et</span> <span class='ocrx_word' id='word_1_48' title='bbox 885 1062 1012 1104; x_wconf 88' lang='lat' dir='ltr'>melle</span> <span class='ocrx_word' id='word_1_49' title='bbox 1040 1066 1082 1104; x_wconf 90' lang='lat' dir='ltr'>et</span> 
     </span>
     <span class='ocr_line' id='line_1_14' title="bbox 283 1132 683 1187; baseline 0 -13"><span class='ocrx_word' id='word_1_50' title='bbox 283 1133 378 1174; x_wconf 90' lang='lat' dir='ltr'>oleo</span> <span class='ocrx_word' id='word_1_51' title='bbox 413 1132 547 1174; x_wconf 87' lang='lat' dir='ltr'>sacris</span> <span class='ocrx_word' id='word_1_52' title='bbox 582 1135 683 1187; x_wconf 85' lang='lat' dir='ltr'>apte</span> 
     </span>
     <span class='ocr_line' id='line_1_15' title="bbox 222 1205 1081 1249; baseline 0.005 -4"><span class='ocrx_word' id='word_1_53' title='bbox 222 1205 377 1246; x_wconf 84' lang='lat' dir='ltr'>Lituus</span> <span class='ocrx_word' id='word_1_54' title='bbox 435 1205 542 1246; x_wconf 82' lang='lat' dir='ltr'>tuba</span> <span class='ocrx_word' id='word_1_55' title='bbox 599 1205 827 1247; x_wconf 87' lang='lat' dir='ltr'>incurbum</span> <span class='ocrx_word' id='word_1_56' title='bbox 878 1207 1081 1249; x_wconf 84' lang='lat' dir='ltr'>baculum</span> 
     </span>
     <span class='ocr_line' id='line_1_16' title="bbox 282 1291 495 1333; baseline -0.005 -15"><span class='ocrx_word' id='word_1_57' title='bbox 282 1291 495 1333; x_wconf 84' lang='lat' dir='ltr'>augurum</span> 
     </span>
     <span class='ocr_line' id='line_1_17' title="bbox 170 1349 794 1404; baseline 0.002 -13"><span class='ocrx_word' id='word_1_58' title='bbox 170 1362 201 1384; x_wconf 54' lang='lat'>1⁴)</span> <span class='ocrx_word' id='word_1_59' title='bbox 224 1350 382 1404; x_wconf 81' lang='lat' dir='ltr'>Liquet</span> <span class='ocrx_word' id='word_1_60' title='bbox 414 1349 695 1391; x_wconf 87' lang='lat' dir='ltr'>manifestum</span> <span class='ocrx_word' id='word_1_61' title='bbox 728 1353 794 1392; x_wconf 87' lang='lat' dir='ltr'>est</span> 
     </span>
     <span class='ocr_line' id='line_1_18' title="bbox 222 1421 559 1464; baseline 0 -1"><span class='ocrx_word' id='word_1_62' title='bbox 222 1421 355 1464; x_wconf 86' lang='lat' dir='ltr'>Libor</span> <span class='ocrx_word' id='word_1_63' title='bbox 387 1422 559 1463; x_wconf 87' lang='lat' dir='ltr'>macula</span> 
     </span>
     <span class='ocr_line' id='line_1_19' title="bbox 222 1493 1082 1552; baseline 0.005 -18"><span class='ocrx_word' id='word_1_64' title='bbox 222 1493 376 1535; x_wconf 88' lang='lat' dir='ltr'>Liuido</span> <span class='ocrx_word' id='word_1_65' title='bbox 417 1493 618 1535; x_wconf 83' lang='lat' dir='ltr'>alibendo</span> <span class='ocrx_word' id='word_1_66' title='bbox 659 1494 772 1536; x_wconf 88' lang='lat' dir='ltr'>idest</span> <span class='ocrx_word' id='word_1_67' title='bbox 814 1496 972 1538; x_wconf 84' lang='lat' dir='ltr'>alibitu</span> <span class='ocrx_word' id='word_1_68' title='bbox 1005 1512 1082 1552; x_wconf 85' lang='lat' dir='ltr'>per</span> 
     </span>
     <span class='ocr_line' id='line_1_20' title="bbox 281 1565 879 1622; baseline 0.005 -15"><span class='ocrx_word' id='word_1_69' title='bbox 281 1565 597 1607; x_wconf 86' lang='lat' dir='ltr'>deriuationem</span> <span class='ocrx_word' id='word_1_70' title='bbox 629 1570 879 1622; x_wconf 81' lang='lat' dir='ltr'>nuncupata</span> 
     </span>
     <span class='ocr_line' id='line_1_21' title="bbox 223 1638 841 1693; baseline 0.003 -14"><span class='ocrx_word' id='word_1_71' title='bbox 223 1639 358 1680; x_wconf 87' lang='lat' dir='ltr'>Lotos</span> <span class='ocrx_word' id='word_1_72' title='bbox 393 1638 523 1679; x_wconf 85' lang='lat' dir='ltr'>arbor</span> <span class='ocrx_word' id='word_1_73' title='bbox 555 1638 651 1693; x_wconf 90' lang='lat' dir='ltr'>piro</span> <span class='ocrx_word' id='word_1_74' title='bbox 685 1638 841 1681; x_wconf 88' lang='lat' dir='ltr'>similis</span> 
     </span>
     <span class='ocr_line' id='line_1_22' title="bbox 222 1708 1082 1768; baseline 0.005 -18"><span class='ocrx_word' id='word_1_75' title='bbox 222 1710 377 1765; x_wconf 85' lang='lat' dir='ltr'>Loligo</span> <span class='ocrx_word' id='word_1_76' title='bbox 423 1708 590 1752; x_wconf 88' lang='lat' dir='ltr'>fructus</span> <span class='ocrx_word' id='word_1_77' title='bbox 637 1725 816 1753; x_wconf 86' lang='lat' dir='ltr'>seuacus</span> <span class='ocrx_word' id='word_1_78' title='bbox 863 1727 944 1767; x_wconf 59' lang='lat' dir='ltr'>que</span> <span class='ocrx_word' id='word_1_79' title='bbox 991 1729 1082 1768; x_wconf 86' lang='lat' dir='ltr'>per-</span> 
     </span>
     <span class='ocr_line' id='line_1_23' title="bbox 282 1782 1083 1839; baseline 0.005 -16"><span class='ocrx_word' id='word_1_80' title='bbox 282 1796 528 1825; x_wconf 84' lang='lat' dir='ltr'>sexmenses</span> <span class='ocrx_word' id='word_1_81' title='bbox 580 1782 723 1838; x_wconf 81' lang='lat' dir='ltr'>pisces</span> <span class='ocrx_word' id='word_1_82' title='bbox 773 1799 926 1839; x_wconf 83' lang='lat' dir='ltr'>persex</span> <span class='ocrx_word' id='word_1_83' title='bbox 972 1786 1083 1827; x_wconf 86' lang='lat' dir='ltr'>fiunt</span> 
     </span>
     <span class='ocr_line' id='line_1_24' title="bbox 284 1855 881 1911; baseline 0.007 -17"><span class='ocrx_word' id='word_1_84' title='bbox 284 1869 385 1895; x_wconf 70' lang='lat' dir='ltr'>aues</span> <span class='ocrx_word' id='word_1_85' title='bbox 418 1869 494 1909; x_wconf 90' lang='lat' dir='ltr'>per</span> <span class='ocrx_word' id='word_1_86' title='bbox 527 1869 603 1896; x_wconf 83' lang='lat' dir='ltr'>sex</span> <span class='ocrx_word' id='word_1_87' title='bbox 635 1855 708 1896; x_wconf 86' lang='lat' dir='ltr'>alii</span> <span class='ocrx_word' id='word_1_88' title='bbox 741 1856 881 1911; x_wconf 83' lang='lat' dir='ltr'>pisces</span> 
     </span>
     <span class='ocr_line' id='line_1_25' title="bbox 172 1926 645 1968; baseline 0.002 -1"><span class='ocrx_word' id='word_1_89' title='bbox 172 1937 202 1961; x_wconf 80' lang='lat'>15</span> <span class='ocrx_word' id='word_1_90' title='bbox 227 1928 430 1968; x_wconf 84' lang='lat' dir='ltr'>Lustrata</span> <span class='ocrx_word' id='word_1_91' title='bbox 463 1926 645 1968; x_wconf 87' lang='lat' dir='ltr'>circuita</span> 
     </span>
     <span class='ocr_line' id='line_1_26' title="bbox 223 1999 1082 2053; baseline 0.006 -14"><span class='ocrx_word' id='word_1_92' title='bbox 223 1999 460 2040; x_wconf 82' lang='lat' dir='ltr'>Lubricum</span> <span class='ocrx_word' id='word_1_93' title='bbox 493 1999 607 2053; x_wconf 89' lang='lat' dir='ltr'>quod</span> <span class='ocrx_word' id='word_1_94' title='bbox 640 1999 805 2041; x_wconf 88' lang='lat' dir='ltr'>labitur</span> <span class='ocrx_word' id='word_1_95' title='bbox 834 2001 936 2043; x_wconf 90' lang='lat' dir='ltr'>dum</span> <span class='ocrx_word' id='word_1_96' title='bbox 969 2004 1082 2045; x_wconf 88' lang='lat' dir='ltr'>tene-</span> 
     </span>
     <span class='ocr_line' id='line_1_27' title="bbox 284 2070 1084 2128; baseline 0.008 -17"><span class='ocrx_word' id='word_1_97' title='bbox 284 2073 355 2112; x_wconf 91' lang='lat' dir='ltr'>tur</span> <span class='ocrx_word' id='word_1_98' title='bbox 374 2073 422 2112; x_wconf 92' lang='lat' dir='ltr'>ut</span> <span class='ocrx_word' id='word_1_99' title='bbox 438 2070 571 2125; x_wconf 88' lang='lat' dir='ltr'>piscis</span> <span class='ocrx_word' id='word_1_100' title='bbox 590 2074 634 2113; x_wconf 91' lang='lat' dir='ltr'>et</span> <span class='ocrx_word' id='word_1_101' title='bbox 652 2072 772 2114; x_wconf 88' lang='lat' dir='ltr'>locus</span> <span class='ocrx_word' id='word_1_102' title='bbox 791 2088 876 2128; x_wconf 91' lang='lat' dir='ltr'>quo</span> <span class='ocrx_word' id='word_1_103' title='bbox 894 2074 1084 2117; x_wconf 83' lang='lat' dir='ltr'>labimur</span> 
     </span>
     <span class='ocr_line' id='line_1_28' title="bbox 226 2142 1054 2198; baseline 0.007 -15"><span class='ocrx_word' id='word_1_104' title='bbox 226 2142 393 2184; x_wconf 85' lang='lat' dir='ltr'>Lucens</span> <span class='ocrx_word' id='word_1_105' title='bbox 428 2142 541 2198; x_wconf 83' lang='lat' dir='ltr'>quod</span> <span class='ocrx_word' id='word_1_106' title='bbox 575 2143 746 2186; x_wconf 84' lang='lat' dir='ltr'>aliunde</span> <span class='ocrx_word' id='word_1_107' title='bbox 780 2145 1054 2189; x_wconf 86' lang='lat' dir='ltr'>illuminatur</span> 
     </span>
     <span class='ocr_line' id='line_1_29' title="bbox 228 2214 904 2270; baseline 0.007 -16"><span class='ocrx_word' id='word_1_108' title='bbox 228 2214 421 2256; x_wconf 82' lang='lat' dir='ltr'>Lucibile</span> <span class='ocrx_word' id='word_1_109' title='bbox 455 2215 568 2269; x_wconf 88' lang='lat' dir='ltr'>quod</span> <span class='ocrx_word' id='word_1_110' title='bbox 600 2230 677 2270; x_wconf 89' lang='lat' dir='ltr'>per</span> <span class='ocrx_word' id='word_1_111' title='bbox 710 2231 755 2258; x_wconf 90' lang='lat' dir='ltr'>se</span> <span class='ocrx_word' id='word_1_112' title='bbox 788 2217 904 2260; x_wconf 87' lang='lat' dir='ltr'>lucet</span> 
     </span>
     <span class='ocr_line' id='line_1_30' title="bbox 227 2286 809 2332; baseline 0.009 -6"><span class='ocrx_word' id='word_1_113' title='bbox 227 2286 447 2328; x_wconf 80' lang='lat' dir='ltr'>Luebatur</span> <span class='ocrx_word' id='word_1_114' title='bbox 480 2287 809 2332; x_wconf 83' lang='lat' dir='ltr'>sacrificabatur</span> 
     </span>
     <span class='ocr_line' id='line_1_31' title="bbox 173 2359 1083 2418; baseline 0.008 -20"><span class='ocrx_word' id='word_1_115' title='bbox 173 2371 205 2394; x_wconf 68' lang='grc' dir='ltr'>ευ</span> <span class='ocrx_word' id='word_1_116' title='bbox 228 2359 367 2399; x_wconf 80' lang='lat' dir='ltr'>Lucar</span> <span class='ocrx_word' id='word_1_117' title='bbox 386 2359 546 2401; x_wconf 86' lang='lat' dir='ltr'>lucaris</span> <span class='ocrx_word' id='word_1_118' title='bbox 569 2374 705 2415; x_wconf 89' lang='lat' dir='ltr'>genus</span> <span class='ocrx_word' id='word_1_119' title='bbox 721 2360 814 2403; x_wconf 87' lang='lat' dir='ltr'>auis</span> <span class='ocrx_word' id='word_1_120' title='bbox 832 2377 914 2416; x_wconf 68' lang='grc'><strong>(1110</strong></span> <span class='ocrx_word' id='word_1_121' title='bbox 935 2364 1083 2418; x_wconf 86' lang='lat' dir='ltr'>pulcre</span> 
     </span>
     <span class='ocr_line' id='line_1_32' title="bbox 286 2431 1085 2488; baseline 0.006 -17"><span class='ocrx_word' id='word_1_122' title='bbox 286 2431 403 2472; x_wconf 84' lang='lat' dir='ltr'>canit</span> <span class='ocrx_word' id='word_1_123' title='bbox 447 2431 588 2486; x_wconf 91' lang='lat' dir='ltr'>primo</span> <span class='ocrx_word' id='word_1_124' title='bbox 634 2447 758 2475; x_wconf 85' lang='lat' dir='ltr'>mane</span> <span class='ocrx_word' id='word_1_125' title='bbox 798 2435 968 2488; x_wconf 88' lang='lat' dir='ltr'>quando</span> <span class='ocrx_word' id='word_1_126' title='bbox 1011 2435 1085 2476; x_wconf 79' lang='lat' dir='ltr'>lux</span> 
     </span>
     <span class='ocr_line' id='line_1_33' title="bbox 287 2503 1084 2549; baseline 0.008 -6"><span class='ocrx_word' id='word_1_127' title='bbox 287 2506 461 2544; x_wconf 77' lang='lat' dir='ltr'>emanat</span> <span class='ocrx_word' id='word_1_128' title='bbox 506 2503 727 2546; x_wconf 84' lang='lat' dir='ltr'>deriuatur</span> <span class='ocrx_word' id='word_1_129' title='bbox 771 2508 917 2547; x_wconf 83' lang='lat' dir='ltr'>autem</span> <span class='ocrx_word' id='word_1_130' title='bbox 964 2507 1084 2549; x_wconf 83' lang='lat' dir='ltr'>aluce</span> 
     </span>
     <span class='ocr_line' id='line_1_34' title="bbox 287 2575 992 2629; baseline 0.007 -14"><span class='ocrx_word' id='word_1_131' title='bbox 287 2589 362 2615; x_wconf 87' lang='grc'><strong>3011</strong></span> <span class='ocrx_word' id='word_1_132' title='bbox 395 2575 578 2629; x_wconf 84' lang='lat' dir='ltr'>pecunia</span> <span class='ocrx_word' id='word_1_133' title='bbox 611 2576 774 2619; x_wconf 82' lang='lat' dir='ltr'>exlucis</span> <span class='ocrx_word' id='word_1_134' title='bbox 809 2578 992 2620; x_wconf 82' lang='lat' dir='ltr'>collecta</span> 
     </span>
    </p>
   </div>
   <div class='ocr_carea' id='block_1_3' title="bbox 177 2717 1086 3192">
    <p class='ocr_par' dir='ltr' id='par_1_3' title="bbox 177 2717 1086 3192">
     <span class='ocr_line' id='line_1_35' title="bbox 227 2717 630 2760; baseline 0.002 -1"><span class='ocrx_word' id='word_1_135' title='bbox 227 2717 397 2760; x_wconf 86' lang='lat' dir='ltr'>Mature</span> <span class='ocrx_word' id='word_1_136' title='bbox 430 2718 630 2760; x_wconf 73' lang='lat' dir='ltr'>celeriter</span> 
     </span>
     <span class='ocr_line' id='line_1_36' title="bbox 228 2789 708 2846; baseline 0.006 -16"><span class='ocrx_word' id='word_1_137' title='bbox 228 2789 437 2832; x_wconf 84' lang='lat' dir='ltr'>Mathites</span> <span class='ocrx_word' id='word_1_138' title='bbox 471 2790 708 2846; x_wconf 89' lang='lat' dir='ltr'>discipulus</span> 
     </span>
     <span class='ocr_line' id='line_1_37' title="bbox 229 2861 1085 2921; baseline 0.008 -20"><span class='ocrx_word' id='word_1_139' title='bbox 229 2861 473 2904; x_wconf 71' lang='lat' dir='ltr'>Macrochir</span> <span class='ocrx_word' id='word_1_140' title='bbox 500 2877 625 2918; x_wconf 85' lang='lat' dir='ltr'>greco</span> <span class='ocrx_word' id='word_1_141' title='bbox 646 2865 781 2907; x_wconf 85' lang='lat' dir='ltr'>latine</span> <span class='ocrx_word' id='word_1_142' title='bbox 806 2866 1085 2921; x_wconf 78' lang='lat' dir='ltr'>longimanus</span> 
     </span>
     <span class='ocr_line' id='line_1_38' title="bbox 228 2932 682 2989; baseline 0.011 -17"><span class='ocrx_word' id='word_1_143' title='bbox 228 2932 424 2974; x_wconf 73' lang='lat' dir='ltr'>Massilia</span> <span class='ocrx_word' id='word_1_144' title='bbox 456 2936 682 2989; x_wconf 83' lang='lat' dir='ltr'>prouincia</span> 
     </span>
     <span class='ocr_line' id='line_1_39' title="bbox 177 3003 1086 3064; baseline 0.012 -24"><span class='ocrx_word' id='word_1_145' title='bbox 177 3017 209 3040; x_wconf 76' lang='lat'>25</span> <span class='ocrx_word' id='word_1_146' title='bbox 230 3003 371 3045; x_wconf 75' lang='lat' dir='ltr'>Malea</span> <span class='ocrx_word' id='word_1_147' title='bbox 385 3007 761 3059; x_wconf 74' lang='lat' dir='ltr'>promunctorium</span> <span class='ocrx_word' id='word_1_148' title='bbox 782 3009 974 3052; x_wconf 85' lang='lat' dir='ltr'>laconice</span> <span class='ocrx_word' id='word_1_149' title='bbox 990 3013 1086 3064; x_wconf 86' lang='lat' dir='ltr'>pro-</span> 
     </span>
     <span class='ocr_line' id='line_1_40' title="bbox 290 3075 429 3118; baseline 0.022 -3"><span class='ocrx_word' id='word_1_150' title='bbox 290 3075 429 3118; x_wconf 87' lang='lat' dir='ltr'>uincie</span> 
     </span>
     <span class='ocr_line' id='line_1_41' title="bbox 231 3145 607 3192; baseline 0.016 -6"><span class='ocrx_word' id='word_1_151' title='bbox 231 3145 442 3189; x_wconf 82' lang='lat' dir='ltr'>Marrubii</span> <span class='ocrx_word' id='word_1_152' title='bbox 475 3151 607 3192; x_wconf 86' lang='lat' dir='ltr'>marsi</span> 
     </span>
    </p>
   </div>
   <div class='ocr_carea' id='block_1_4' title="bbox 629 157 1578 193">
    <p class='ocr_par' dir='ltr' id='par_1_4' title="bbox 629 157 1578 193">
     <span class='ocr_line' id='line_1_42' title="bbox 629 157 1578 193; baseline 0 0"><span class='ocrx_word' id='word_1_153' title='bbox 629 157 886 193; x_wconf 71' lang='lat' dir='ltr'><strong>EXCERPTA</strong></span> <span class='ocrx_word' id='word_1_154' title='bbox 912 158 976 191; x_wconf 76' lang='lat' dir='ltr'>EX</span> <span class='ocrx_word' id='word_1_155' title='bbox 1003 157 1176 193; x_wconf 85' lang='lat' dir='ltr'>CODICE</span> <span class='ocrx_word' id='word_1_156' title='bbox 1203 157 1484 193; x_wconf 77' lang='lat' dir='ltr'>CASSINENSI</span> <span class='ocrx_word' id='word_1_157' title='bbox 1511 162 1578 193; x_wconf 74' lang='lat'>402</span> 
     </span>
    </p>
   </div>
   <div class='ocr_carea' id='block_1_5' title="bbox 1121 267 1980 1044">
    <p class='ocr_par' dir='ltr' id='par_1_5' title="bbox 1121 267 1980 383">
     <span class='ocr_line' id='line_1_43' title="bbox 1121 267 1980 324; baseline 0.003 -15"><span class='ocrx_word' id='word_1_158' title='bbox 1121 267 1283 310; x_wconf 78' lang='lat' dir='ltr'>Matrix</span> <span class='ocrx_word' id='word_1_159' title='bbox 1305 268 1426 310; x_wconf 87' lang='lat' dir='ltr'>locus</span> <span class='ocrx_word' id='word_1_160' title='bbox 1442 269 1738 324; x_wconf 85' lang='lat' dir='ltr'>conceptionis</span> <span class='ocrx_word' id='word_1_161' title='bbox 1757 269 1849 311; x_wconf 89' lang='lat' dir='ltr'>siue</span> <span class='ocrx_word' id='word_1_162' title='bbox 1870 271 1980 312; x_wconf 86' lang='lat' dir='ltr'>unde</span> 
     </span>
     <span class='ocr_line' id='line_1_44' title="bbox 1180 340 1723 383; baseline 0.002 -1"><span class='ocrx_word' id='word_1_163' title='bbox 1180 340 1279 382; x_wconf 84' lang='lat' dir='ltr'>fons</span> <span class='ocrx_word' id='word_1_164' title='bbox 1314 340 1454 382; x_wconf 81' lang='lat' dir='ltr'>oritur</span> <span class='ocrx_word' id='word_1_165' title='bbox 1485 341 1555 382; x_wconf 90' lang='lat' dir='ltr'>uel</span> <span class='ocrx_word' id='word_1_166' title='bbox 1586 340 1723 383; x_wconf 85' lang='lat' dir='ltr'>herba</span> 
     </span>
    </p>

    <p class='ocr_par' dir='ltr' id='par_1_6' title="bbox 1121 411 1979 541">
     <span class='ocr_line' id='line_1_45' title="bbox 1121 411 1979 468; baseline 0 -14"><span class='ocrx_word' id='word_1_167' title='bbox 1121 413 1321 455; x_wconf 86' lang='lat' dir='ltr'>Mantum</span> <span class='ocrx_word' id='word_1_168' title='bbox 1335 415 1496 455; x_wconf 89' lang='lat' dir='ltr'>uocant</span> <span class='ocrx_word' id='word_1_169' title='bbox 1508 411 1683 468; x_wconf 83' lang='lat' dir='ltr'>hispani</span> <span class='ocrx_word' id='word_1_170' title='bbox 1699 413 1813 468; x_wconf 84' lang='lat' dir='ltr'>quod</span> <span class='ocrx_word' id='word_1_171' title='bbox 1827 428 1979 455; x_wconf 86' lang='lat' dir='ltr'>manus</span> 
     </span>
     <span class='ocr_line' id='line_1_46' title="bbox 1182 484 1663 541; baseline -0.004 -14"><span class='ocrx_word' id='word_1_172' title='bbox 1182 487 1306 541; x_wconf 84' lang='lat' dir='ltr'>tegat</span> <span class='ocrx_word' id='word_1_173' title='bbox 1338 485 1450 527; x_wconf 84' lang='lat' dir='ltr'>unde</span> <span class='ocrx_word' id='word_1_174' title='bbox 1484 484 1663 526; x_wconf 84' lang='lat' dir='ltr'>mantile</span> 
     </span>
    </p>

    <p class='ocr_par' dir='ltr' id='par_1_7' title="bbox 1122 557 1980 671">
     <span class='ocr_line' id='line_1_47' title="bbox 1122 557 1980 613; baseline 0 -14"><span class='ocrx_word' id='word_1_175' title='bbox 1122 557 1276 599; x_wconf 82' lang='lat' dir='ltr'>Manus</span> <span class='ocrx_word' id='word_1_176' title='bbox 1317 557 1537 613; x_wconf 86' lang='lat' dir='ltr'>significat</span> <span class='ocrx_word' id='word_1_177' title='bbox 1577 559 1746 612; x_wconf 80' lang='lat' dir='ltr'>partem</span> <span class='ocrx_word' id='word_1_178' title='bbox 1786 558 1980 612; x_wconf 88' lang='lat' dir='ltr'>corporis</span> 
     </span>
     <span class='ocr_line' id='line_1_48' title="bbox 1182 628 1978 671; baseline 0.001 -1"><span class='ocrx_word' id='word_1_179' title='bbox 1182 632 1349 671; x_wconf 85' lang='lat' dir='ltr'>turmas</span> <span class='ocrx_word' id='word_1_180' title='bbox 1382 629 1610 671; x_wconf 86' lang='lat' dir='ltr'>hominum</span> <span class='ocrx_word' id='word_1_181' title='bbox 1648 629 1717 671; x_wconf 91' lang='lat' dir='ltr'>uel</span> <span class='ocrx_word' id='word_1_182' title='bbox 1751 628 1978 671; x_wconf 87' lang='lat' dir='ltr'>consilium</span> 
     </span>
    </p>

    <p class='ocr_par' dir='ltr' id='par_1_8' title="bbox 1122 701 1698 756">
     <span class='ocr_line' id='line_1_49' title="bbox 1122 701 1698 756; baseline 0 -14"><span class='ocrx_word' id='word_1_183' title='bbox 1122 701 1262 743; x_wconf 87' lang='lat' dir='ltr'>Meret</span> <span class='ocrx_word' id='word_1_184' title='bbox 1295 701 1559 756; x_wconf 89' lang='lat' dir='ltr'>stipendium</span> <span class='ocrx_word' id='word_1_185' title='bbox 1591 701 1698 743; x_wconf 85' lang='lat' dir='ltr'>facit</span> 
     </span>
    </p>

    <p class='ocr_par' dir='ltr' id='par_1_9' title="bbox 1121 773 1624 829">
     <span class='ocr_line' id='line_1_50' title="bbox 1121 773 1624 829; baseline 0.002 -15"><span class='ocrx_word' id='word_1_186' title='bbox 1121 773 1265 815; x_wconf 86' lang='lat' dir='ltr'>Metor</span> <span class='ocrx_word' id='word_1_187' title='bbox 1298 773 1475 815; x_wconf 85' lang='lat' dir='ltr'>metaris</span> <span class='ocrx_word' id='word_1_188' title='bbox 1509 773 1624 829; x_wconf 89' lang='lat' dir='ltr'>eligo</span> 
     </span>
    </p>

    <p class='ocr_par' dir='ltr' id='par_1_10' title="bbox 1121 845 1765 900">
     <span class='ocr_line' id='line_1_51' title="bbox 1121 845 1765 900; baseline 0 -14"><span class='ocrx_word' id='word_1_189' title='bbox 1121 845 1259 887; x_wconf 84' lang='lat' dir='ltr'>Mesia</span> <span class='ocrx_word' id='word_1_190' title='bbox 1293 845 1448 887; x_wconf 81' lang='lat' dir='ltr'>ciuitas</span> <span class='ocrx_word' id='word_1_191' title='bbox 1481 860 1616 900; x_wconf 90' lang='lat' dir='ltr'>prope</span> <span class='ocrx_word' id='word_1_192' title='bbox 1650 845 1765 887; x_wconf 86' lang='lat' dir='ltr'>troia</span> 
     </span>
    </p>

    <p class='ocr_par' dir='ltr' id='par_1_11' title="bbox 1121 915 1716 958">
     <span class='ocr_line' id='line_1_52' title="bbox 1121 915 1716 958; baseline 0.002 -1"><span class='ocrx_word' id='word_1_193' title='bbox 1121 916 1311 958; x_wconf 86' lang='lat' dir='ltr'>Melibea</span> <span class='ocrx_word' id='word_1_194' title='bbox 1343 916 1499 958; x_wconf 85' lang='lat' dir='ltr'>ciuitas</span> <span class='ocrx_word' id='word_1_195' title='bbox 1533 915 1716 958; x_wconf 88' lang='lat' dir='ltr'>thesalie</span> 
     </span>
    </p>

    <p class='ocr_par' dir='ltr' id='par_1_12' title="bbox 1122 988 1857 1044">
     <span class='ocr_line' id='line_1_53' title="bbox 1122 988 1857 1044; baseline 0.003 -14"><span class='ocrx_word' id='word_1_196' title='bbox 1122 988 1292 1043; x_wconf 70' lang='lat' dir='ltr'>Mereor</span> <span class='ocrx_word' id='word_1_197' title='bbox 1324 1004 1421 1031; x_wconf 88' lang='lat' dir='ltr'>cum</span> <span class='ocrx_word' id='word_1_198' title='bbox 1455 988 1667 1044; x_wconf 87' lang='lat' dir='ltr'>diptongo</span> <span class='ocrx_word' id='word_1_199' title='bbox 1701 989 1857 1032; x_wconf 87' lang='lat' dir='ltr'>tristor</span> 
     </span>
    </p>
   </div>
   <div class='ocr_carea' id='block_1_6' title="bbox 2002 714 2038 739">
    <p class='ocr_par' dir='ltr' id='par_1_13' title="bbox 2002 714 2038 739">
     <span class='ocr_line' id='line_1_54' title="bbox 2002 714 2038 739; baseline -0.028 0"><span class='ocrx_word' id='word_1_200' title='bbox 2002 714 2038 739; x_wconf 83' lang='lat'>30</span> 
     </span>
    </p>
   </div>
   <div class='ocr_carea' id='block_1_7' title="bbox 1121 1060 2032 1391">
    <p class='ocr_par' dir='ltr' id='par_1_14' title="bbox 1122 1060 2032 1117">
     <span class='ocr_line' id='line_1_55' title="bbox 1122 1060 2032 1117; baseline 0.001 -15"><span class='ocrx_word' id='word_1_201' title='bbox 1122 1061 1292 1102; x_wconf 90' lang='lat' dir='ltr'>Mereor</span> <span class='ocrx_word' id='word_1_202' title='bbox 1325 1060 1417 1102; x_wconf 87' lang='grc'><strong>31110</strong></span> <span class='ocrx_word' id='word_1_203' title='bbox 1451 1060 1663 1117; x_wconf 88' lang='lat' dir='ltr'>diptongo</span> <span class='ocrx_word' id='word_1_204' title='bbox 1698 1060 1839 1103; x_wconf 89' lang='lat' dir='ltr'>milito</span> <span class='ocrx_word' id='word_1_205' title='bbox 1999 1075 2032 1099; x_wconf 79' lang='lat'>35</span> 
     </span>
    </p>

    <p class='ocr_par' dir='ltr' id='par_1_15' title="bbox 1122 1131 1433 1174">
     <span class='ocr_line' id='line_1_56' title="bbox 1122 1131 1433 1174; baseline -0.003 0"><span class='ocrx_word' id='word_1_206' title='bbox 1122 1131 1295 1174; x_wconf 87' lang='lat' dir='ltr'>Meonia</span> <span class='ocrx_word' id='word_1_207' title='bbox 1327 1132 1433 1174; x_wconf 80' lang='lat' dir='ltr'>lidia</span> 
     </span>
    </p>

    <p class='ocr_par' dir='ltr' id='par_1_16' title="bbox 1123 1204 1925 1260">
     <span class='ocr_line' id='line_1_57' title="bbox 1123 1204 1925 1260; baseline 0 -13"><span class='ocrx_word' id='word_1_208' title='bbox 1123 1204 1328 1247; x_wconf 84' lang='lat' dir='ltr'>Meandes</span> <span class='ocrx_word' id='word_1_209' title='bbox 1361 1204 1521 1246; x_wconf 89' lang='lat' dir='ltr'>fluuius</span> <span class='ocrx_word' id='word_1_210' title='bbox 1556 1204 1670 1259; x_wconf 73' lang='lat' dir='ltr'>carie</span> <span class='ocrx_word' id='word_1_211' title='bbox 1702 1205 1925 1260; x_wconf 86' lang='lat' dir='ltr'>prouincie</span> 
     </span>
    </p>

    <p class='ocr_par' dir='ltr' id='par_1_17' title="bbox 1121 1275 1980 1391">
     <span class='ocr_line' id='line_1_58' title="bbox 1121 1275 1980 1333; baseline 0.001 -15"><span class='ocrx_word' id='word_1_212' title='bbox 1121 1275 1329 1332; x_wconf 85' lang='lat' dir='ltr'>Mephitis</span> <span class='ocrx_word' id='word_1_213' title='bbox 1369 1279 1482 1318; x_wconf 86' lang='lat' dir='ltr'>terre</span> <span class='ocrx_word' id='word_1_214' title='bbox 1521 1279 1654 1332; x_wconf 89' lang='lat' dir='ltr'>putor</span> <span class='ocrx_word' id='word_1_215' title='bbox 1692 1277 1765 1332; x_wconf 85' lang='lat' dir='ltr'>qui</span> <span class='ocrx_word' id='word_1_216' title='bbox 1804 1278 1980 1333; x_wconf 85' lang='lat' dir='ltr'>deaquis</span> 
     </span>
     <span class='ocr_line' id='line_1_59' title="bbox 1179 1349 1376 1391; baseline -0.005 0"><span class='ocrx_word' id='word_1_217' title='bbox 1179 1349 1376 1391; x_wconf 87' lang='lat' dir='ltr'>nascitur</span> 
     </span>
    </p>
   </div>
   <div class='ocr_carea' id='block_1_8' title="bbox 1054 1420 1979 1477">
    <p class='ocr_par' dir='ltr' id='par_1_18' title="bbox 1054 1420 1979 1477">
     <span class='ocr_line' id='line_1_60' title="bbox 1054 1420 1979 1477; baseline 0.001 -15"><span class='ocrx_word' id='word_1_218' title='bbox 1054 1432 1062 1437; x_wconf 73' lang='grc'><strong>’</strong></span> <span class='ocrx_word' id='word_1_219' title='bbox 1120 1421 1397 1463; x_wconf 86' lang='lat' dir='ltr'>Meritorium</span> <span class='ocrx_word' id='word_1_220' title='bbox 1427 1420 1538 1462; x_wconf 87' lang='lat' dir='ltr'>cella</span> <span class='ocrx_word' id='word_1_221' title='bbox 1570 1420 1740 1462; x_wconf 88' lang='lat' dir='ltr'>uinaria</span> <span class='ocrx_word' id='word_1_222' title='bbox 1773 1422 1841 1463; x_wconf 89' lang='lat' dir='ltr'>uel</span> <span class='ocrx_word' id='word_1_223' title='bbox 1869 1422 1979 1477; x_wconf 86' lang='lat' dir='ltr'>ospi-</span> 
     </span>
    </p>
   </div>
   <div class='ocr_carea' id='block_1_9' title="bbox 1121 1494 2035 2472">
    <p class='ocr_par' dir='ltr' id='par_1_19' title="bbox 1181 1494 1293 1535">
     <span class='ocr_line' id='line_1_61' title="bbox 1181 1494 1293 1535; baseline -0.009 0"><span class='ocrx_word' id='word_1_224' title='bbox 1181 1494 1293 1535; x_wconf 88' lang='lat' dir='ltr'>tium</span> 
     </span>
    </p>

    <p class='ocr_par' dir='ltr' id='par_1_20' title="bbox 1121 1564 2035 1621">
     <span class='ocr_line' id='line_1_62' title="bbox 1121 1564 2035 1621; baseline -0.005 -13"><span class='ocrx_word' id='word_1_225' title='bbox 1121 1566 1252 1608; x_wconf 85' lang='lat' dir='ltr'>Misia</span> <span class='ocrx_word' id='word_1_226' title='bbox 1283 1564 1510 1621; x_wconf 87' lang='lat' dir='ltr'>prouincia</span> <span class='ocrx_word' id='word_1_227' title='bbox 2001 1579 2035 1603; x_wconf 69' lang='lat'>40</span> 
     </span>
    </p>

    <p class='ocr_par' dir='ltr' id='par_1_21' title="bbox 1122 1637 1729 1691">
     <span class='ocr_line' id='line_1_63' title="bbox 1122 1637 1729 1691; baseline -0.002 -12"><span class='ocrx_word' id='word_1_228' title='bbox 1122 1638 1255 1680; x_wconf 81' lang='lat' dir='ltr'>Mitra</span> <span class='ocrx_word' id='word_1_229' title='bbox 1287 1637 1517 1679; x_wconf 87' lang='lat' dir='ltr'>incurbum</span> <span class='ocrx_word' id='word_1_230' title='bbox 1550 1637 1729 1691; x_wconf 91' lang='lat' dir='ltr'>pilleum</span> 
     </span>
    </p>

    <p class='ocr_par' dir='ltr' id='par_1_22' title="bbox 1122 1708 1671 1752">
     <span class='ocr_line' id='line_1_64' title="bbox 1122 1708 1671 1752; baseline -0.005 0"><span class='ocrx_word' id='word_1_231' title='bbox 1122 1711 1229 1752; x_wconf 89' lang='lat' dir='ltr'>Milo</span> <span class='ocrx_word' id='word_1_232' title='bbox 1261 1710 1392 1752; x_wconf 88' lang='lat' dir='ltr'>homo</span> <span class='ocrx_word' id='word_1_233' title='bbox 1425 1709 1495 1750; x_wconf 89' lang='lat' dir='ltr'>uel</span> <span class='ocrx_word' id='word_1_234' title='bbox 1529 1708 1671 1750; x_wconf 84' lang='lat' dir='ltr'>bestia</span> 
     </span>
    </p>

    <p class='ocr_par' dir='ltr' id='par_1_23' title="bbox 1123 1781 1980 1896">
     <span class='ocr_line' id='line_1_65' title="bbox 1123 1781 1980 1838; baseline 0.001 -15"><span class='ocrx_word' id='word_1_235' title='bbox 1123 1782 1369 1824; x_wconf 86' lang='lat' dir='ltr'>Monstrum</span> <span class='ocrx_word' id='word_1_236' title='bbox 1396 1782 1511 1838; x_wconf 90' lang='lat' dir='ltr'>quod</span> <span class='ocrx_word' id='word_1_237' title='bbox 1531 1781 1576 1823; x_wconf 89' lang='lat' dir='ltr'>in</span> <span class='ocrx_word' id='word_1_238' title='bbox 1595 1782 1816 1836; x_wconf 83' lang='lat' dir='ltr'>praesenti</span> <span class='ocrx_word' id='word_1_239' title='bbox 1839 1785 1980 1825; x_wconf 86' lang='lat' dir='ltr'>osten-</span> 
     </span>
     <span class='ocr_line' id='line_1_66' title="bbox 1183 1854 1300 1896; baseline -0.009 0"><span class='ocrx_word' id='word_1_240' title='bbox 1183 1854 1300 1896; x_wconf 90' lang='lat' dir='ltr'>ditur</span> 
     </span>
    </p>

    <p class='ocr_par' dir='ltr' id='par_1_24' title="bbox 1123 1926 1859 1980">
     <span class='ocr_line' id='line_1_67' title="bbox 1123 1926 1859 1980; baseline 0 -13"><span class='ocrx_word' id='word_1_241' title='bbox 1123 1926 1331 1968; x_wconf 88' lang='lat' dir='ltr'>Molimur</span> <span class='ocrx_word' id='word_1_242' title='bbox 1362 1940 1567 1980; x_wconf 80' lang='lat' dir='ltr'>paramus</span> <span class='ocrx_word' id='word_1_243' title='bbox 1599 1926 1859 1968; x_wconf 82' lang='lat' dir='ltr'>fabricamus</span> 
     </span>
    </p>

    <p class='ocr_par' dir='ltr' id='par_1_25' title="bbox 1122 1996 2032 2053">
     <span class='ocr_line' id='line_1_68' title="bbox 1122 1996 2032 2053; baseline 0 -14"><span class='ocrx_word' id='word_1_244' title='bbox 1122 1998 1259 2040; x_wconf 87' lang='lat' dir='ltr'>Moles</span> <span class='ocrx_word' id='word_1_245' title='bbox 1294 1996 1550 2053; x_wconf 84' lang='lat' dir='ltr'>magnitudo</span> <span class='ocrx_word' id='word_1_246' title='bbox 1998 2011 2032 2035; x_wconf 72' lang='lat'>45</span> 
     </span>
    </p>

    <p class='ocr_par' dir='ltr' id='par_1_26' title="bbox 1123 2070 1601 2125">
     <span class='ocr_line' id='line_1_69' title="bbox 1123 2070 1601 2125; baseline 0.002 -14"><span class='ocrx_word' id='word_1_247' title='bbox 1123 2070 1293 2112; x_wconf 89' lang='lat' dir='ltr'>Mulceo</span> <span class='ocrx_word' id='word_1_248' title='bbox 1327 2070 1442 2111; x_wconf 90' lang='lat' dir='ltr'>lenio</span> <span class='ocrx_word' id='word_1_249' title='bbox 1475 2070 1601 2125; x_wconf 88' lang='lat' dir='ltr'>placo</span> 
     </span>
    </p>

    <p class='ocr_par' dir='ltr' id='par_1_27' title="bbox 1122 2141 1980 2270">
     <span class='ocr_line' id='line_1_70' title="bbox 1122 2141 1980 2185; baseline 0 -1"><span class='ocrx_word' id='word_1_250' title='bbox 1122 2141 1277 2184; x_wconf 89' lang='lat' dir='ltr'>Mutua</span> <span class='ocrx_word' id='word_1_251' title='bbox 1309 2141 1468 2184; x_wconf 84' lang='lat' dir='ltr'>caritas</span> <span class='ocrx_word' id='word_1_252' title='bbox 1508 2143 1677 2184; x_wconf 85' lang='lat' dir='ltr'>alterna</span> <span class='ocrx_word' id='word_1_253' title='bbox 1714 2142 1793 2184; x_wconf 86' lang='lat' dir='ltr'>hoc</span> <span class='ocrx_word' id='word_1_254' title='bbox 1826 2146 1892 2185; x_wconf 88' lang='lat' dir='ltr'>est</span> <span class='ocrx_word' id='word_1_255' title='bbox 1931 2147 1980 2185; x_wconf 93' lang='lat' dir='ltr'>ut</span> 
     </span>
     <span class='ocr_line' id='line_1_71' title="bbox 1182 2213 1743 2270; baseline 0.002 -15"><span class='ocrx_word' id='word_1_256' title='bbox 1182 2213 1369 2256; x_wconf 85' lang='lat' dir='ltr'>inuicem</span> <span class='ocrx_word' id='word_1_257' title='bbox 1401 2229 1480 2256; x_wconf 90' lang='lat' dir='ltr'>nos</span> <span class='ocrx_word' id='word_1_258' title='bbox 1514 2213 1743 2270; x_wconf 86' lang='lat' dir='ltr'>diligamus</span> 
     </span>
    </p>

    <p class='ocr_par' dir='ltr' id='par_1_28' title="bbox 1122 2285 1954 2341">
     <span class='ocr_line' id='line_1_72' title="bbox 1122 2285 1954 2341; baseline 0 -13"><span class='ocrx_word' id='word_1_259' title='bbox 1122 2286 1258 2329; x_wconf 90' lang='lat' dir='ltr'>Mulio</span> <span class='ocrx_word' id='word_1_260' title='bbox 1291 2285 1424 2341; x_wconf 85' lang='lat' dir='ltr'>piscis</span> <span class='ocrx_word' id='word_1_261' title='bbox 1456 2286 1526 2327; x_wconf 85' lang='lat' dir='ltr'>uel</span> <span class='ocrx_word' id='word_1_262' title='bbox 1559 2289 1707 2328; x_wconf 85' lang='lat' dir='ltr'>custos</span> <span class='ocrx_word' id='word_1_263' title='bbox 1737 2286 1954 2329; x_wconf 84' lang='lat' dir='ltr'>mulorum</span> 
     </span>
    </p>

    <p class='ocr_par' dir='ltr' id='par_1_29' title="bbox 1122 2357 1977 2472">
     <span class='ocr_line' id='line_1_73' title="bbox 1122 2357 1977 2413; baseline -0.001 -13"><span class='ocrx_word' id='word_1_264' title='bbox 1122 2357 1361 2400; x_wconf 87' lang='lat' dir='ltr'>Mulionica</span> <span class='ocrx_word' id='word_1_265' title='bbox 1400 2358 1558 2412; x_wconf 86' lang='lat' dir='ltr'>penula</span> <span class='ocrx_word' id='word_1_266' title='bbox 1600 2358 1731 2400; x_wconf 87' lang='lat' dir='ltr'>uestis</span> <span class='ocrx_word' id='word_1_267' title='bbox 1771 2357 1821 2399; x_wconf 87' lang='lat' dir='ltr'>de</span> <span class='ocrx_word' id='word_1_268' title='bbox 1860 2358 1977 2413; x_wconf 85' lang='lat' dir='ltr'>pisce</span> 
     </span>
     <span class='ocr_line' id='line_1_74' title="bbox 1184 2430 1627 2472; baseline 0.002 -1"><span class='ocrx_word' id='word_1_269' title='bbox 1184 2430 1373 2472; x_wconf 90' lang='lat' dir='ltr'>mulione</span> <span class='ocrx_word' id='word_1_270' title='bbox 1406 2430 1627 2472; x_wconf 85' lang='lat' dir='ltr'>maritimo</span> 
     </span>
    </p>
   </div>
   <div class='ocr_carea' id='block_1_10' title="bbox 1123 2502 2034 2558">
    <p class='ocr_par' dir='ltr' id='par_1_30' title="bbox 1123 2502 2034 2558">
     <span class='ocr_line' id='line_1_75' title="bbox 1123 2502 2034 2558; baseline -0.002 -13"><span class='ocrx_word' id='word_1_271' title='bbox 1123 2502 1294 2545; x_wconf 84' lang='lat' dir='ltr'>Mutina</span> <span class='ocrx_word' id='word_1_272' title='bbox 1325 2517 1483 2558; x_wconf 84' lang='lat' dir='ltr'>pecora</span> <span class='ocrx_word' id='word_1_273' title='bbox 1515 2502 1607 2544; x_wconf 87' lang='lat' dir='ltr'>sine</span> <span class='ocrx_word' id='word_1_274' title='bbox 1641 2502 1842 2545; x_wconf 85' lang='lat' dir='ltr'>cornibus</span> <span class='ocrx_word' id='word_1_275' title='bbox 1997 2510 2034 2536; x_wconf 78' lang='lat'>⁵⁰</span> 
     </span>
    </p>
   </div>
   <div class='ocr_carea' id='block_1_11' title="bbox 1123 2645 2034 3202">
    <p class='ocr_par' dir='ltr' id='par_1_31' title="bbox 1123 2645 1733 2700">
     <span class='ocr_line' id='line_1_76' title="bbox 1123 2645 1733 2700; baseline -0.002 -12"><span class='ocrx_word' id='word_1_276' title='bbox 1123 2646 1279 2689; x_wconf 84' lang='lat' dir='ltr'>Naides</span> <span class='ocrx_word' id='word_1_277' title='bbox 1311 2646 1489 2700; x_wconf 88' lang='lat' dir='ltr'>nimphe</span> <span class='ocrx_word' id='word_1_278' title='bbox 1522 2645 1733 2688; x_wconf 89' lang='lat' dir='ltr'>montium</span> 
     </span>
    </p>

    <p class='ocr_par' dir='ltr' id='par_1_32' title="bbox 1124 2717 1472 2761">
     <span class='ocr_line' id='line_1_77' title="bbox 1124 2717 1472 2761; baseline -0.003 0"><span class='ocrx_word' id='word_1_279' title='bbox 1124 2718 1302 2761; x_wconf 86' lang='lat' dir='ltr'>Naricia</span> <span class='ocrx_word' id='word_1_280' title='bbox 1333 2717 1472 2760; x_wconf 83' lang='lat' dir='ltr'>bricia</span> 
     </span>
    </p>

    <p class='ocr_par' dir='ltr' id='par_1_33' title="bbox 1124 2789 1520 2833">
     <span class='ocr_line' id='line_1_78' title="bbox 1124 2789 1520 2833; baseline -0.003 -1"><span class='ocrx_word' id='word_1_281' title='bbox 1124 2790 1277 2833; x_wconf 88' lang='lat' dir='ltr'>Nabus</span> <span class='ocrx_word' id='word_1_282' title='bbox 1310 2789 1520 2832; x_wconf 86' lang='lat' dir='ltr'>industris</span> 
     </span>
    </p>

    <p class='ocr_par' dir='ltr' id='par_1_34' title="bbox 1124 2860 1979 2976">
     <span class='ocr_line' id='line_1_79' title="bbox 1124 2860 1979 2917; baseline -0.004 -13"><span class='ocrx_word' id='word_1_283' title='bbox 1124 2862 1217 2904; x_wconf 89' lang='lat' dir='ltr'>Nar</span> <span class='ocrx_word' id='word_1_284' title='bbox 1243 2863 1401 2904; x_wconf 88' lang='lat' dir='ltr'>fluuius</span> <span class='ocrx_word' id='word_1_285' title='bbox 1428 2862 1577 2904; x_wconf 86' lang='lat' dir='ltr'>narnie</span> <span class='ocrx_word' id='word_1_286' title='bbox 1597 2861 1671 2917; x_wconf 88' lang='lat' dir='ltr'>qui</span> <span class='ocrx_word' id='word_1_287' title='bbox 1698 2860 1979 2916; x_wconf 86' lang='lat' dir='ltr'>coniungitur</span> 
     </span>
     <span class='ocr_line' id='line_1_80' title="bbox 1182 2934 1313 2976; baseline -0.008 0"><span class='ocrx_word' id='word_1_288' title='bbox 1182 2934 1313 2976; x_wconf 84' lang='lat' dir='ltr'>tiberi</span> 
     </span>
    </p>

    <p class='ocr_par' dir='ltr' id='par_1_35' title="bbox 1125 3005 2034 3061">
     <span class='ocr_line' id='line_1_81' title="bbox 1125 3005 2034 3061; baseline -0.004 -13"><span class='ocrx_word' id='word_1_289' title='bbox 1125 3005 1339 3048; x_wconf 88' lang='lat' dir='ltr'>Nictelius</span> <span class='ocrx_word' id='word_1_290' title='bbox 1372 3005 1484 3047; x_wconf 87' lang='lat' dir='ltr'>liber</span> <span class='ocrx_word' id='word_1_291' title='bbox 1514 3008 1636 3061; x_wconf 80' lang='lat' dir='ltr'>pater</span> <span class='ocrx_word' id='word_1_292' title='bbox 1999 3013 2034 3038; x_wconf 80' lang='lat'>55</span> 
     </span>
    </p>

    <p class='ocr_par' dir='ltr' id='par_1_36' title="bbox 1125 3075 1644 3132">
     <span class='ocr_line' id='line_1_82' title="bbox 1125 3075 1644 3132; baseline -0.006 -12"><span class='ocrx_word' id='word_1_293' title='bbox 1125 3077 1335 3120; x_wconf 88' lang='lat' dir='ltr'>Noricum</span> <span class='ocrx_word' id='word_1_294' title='bbox 1367 3092 1468 3132; x_wconf 84' lang='lat' dir='ltr'>pars</span> <span class='ocrx_word' id='word_1_295' title='bbox 1500 3075 1644 3118; x_wconf 88' lang='lat' dir='ltr'>illirici</span> 
     </span>
    </p>

    <p class='ocr_par' dir='ltr' id='par_1_37' title="bbox 1125 3146 1880 3202">
     <span class='ocr_line' id='line_1_83' title="bbox 1125 3146 1880 3202; baseline -0.007 -10"><span class='ocrx_word' id='word_1_296' title='bbox 1125 3149 1294 3192; x_wconf 90' lang='lat' dir='ltr'>Nomus</span> <span class='ocrx_word' id='word_1_297' title='bbox 1326 3150 1397 3191; x_wconf 84' lang='lat' dir='ltr'>lex</span> <span class='ocrx_word' id='word_1_298' title='bbox 1428 3148 1628 3191; x_wconf 84' lang='lat' dir='ltr'>anomala</span> <span class='ocrx_word' id='word_1_299' title='bbox 1661 3147 1752 3189; x_wconf 89' lang='lat' dir='ltr'>sine</span> <span class='ocrx_word' id='word_1_300' title='bbox 1785 3146 1880 3202; x_wconf 88' lang='lat' dir='ltr'>lege</span> 
     </span>
    </p>
   </div>
  </div>
 </body>
</html>
