2175 3428
193 113 279 154 242

193 222 361 264 Ruscus
394 220 567 263 uiminis
602 234 736 275 genus

192 295 360 337 Ruscus
410 292 581 334 fruticis
632 306 767 348 genus
820 291 1044 346 spinosum

250 366 371 407 uelut
403 364 477 406 alii
508 363 667 405 herbae
701 377 878 418 asperae

193 438 396 479 Rusticus
430 449 565 491 genus
597 434 730 488 herbe
758 437 834 476 aut
862 434 1044 490 uirgulti

215 556 218 558 ,
249 508 451 564 uirgilius
490 521 643 562 aspera
680 506 913 548 rustimina
952 521 1045 561 per-

250 581 379 622 silum

189 652 454 694 Rusticanus
488 649 644 692 ruralis

153 737 168 763 5
190 724 452 766 Rusticanus
486 721 648 778 gurdus

650 109 905 169 EXGERPJPA
930 109 995 144 EX
1019 109 1163 144 LIBRO
1190 109 1480 145 GLOSSARVM

1085 217 1249 261 Salicta
1275 218 1429 261 salices
1455 218 1658 275 uirgilius
1684 219 1870 274 populus
1892 222 1936 261 et

1143 290 1291 332 clauca
1323 291 1522 332 canentia
1554 290 1706 332 fronde
1739 290 1892 332 salicta

1084 360 1354 404 Salmentum
1385 362 1518 418 piscis
1552 362 1765 405 confectio

1084 431 1324 475 Saltatores
1368 433 1616 476 nominatos
1660 448 1788 475 uarro
1830 433 1937 475 dicit

1143 505 1195 546 ab
1236 505 1410 547 arcades
1448 505 1533 547 alio
1567 520 1695 560 quem
1733 519 1860 559 eneas
1892 505 1936 546 in

1084 567 1089 572 ⁵
1142 576 1313 618 italiam
1364 592 1509 620 secum
1554 577 1734 619 adduxit
1779 576 1936 632 quique

1141 649 1282 703 primo
1304 649 1452 691 docuit
1472 663 1674 691 romanos
1701 647 1936 690 aduliscen-

1141 722 1207 762 tes
1239 721 1408 762 nobiles
1443 721 1602 762 saltare

1045 782 1048 784 v
1084 790 1324 834 Sambucus
1357 793 1539 834 saltator

191 867 400 910 Sabastos
440 865 678 907 ellenorum
719 864 869 920 lingua
900 863 1044 905 ianua-

248 939 339 981 rius
373 936 533 980 mensis
566 937 724 979 dicitur
758 934 836 993 (R)

191 1010 378 1054 Sabatus
399 1009 659 1051 antitulatus
681 1024 733 1050 an
755 1008 920 1050 uenalis
949 1007 1043 1048 ideo

249 1083 299 1124 de
345 1080 506 1124 astario
550 1080 672 1122 fundi
717 1079 853 1134 aliqui
892 1093 1045 1133 conpa-

247 1157 399 1196 rantur
430 1153 473 1194 id
507 1155 573 1194 est
606 1151 681 1207 qui
718 1151 805 1192 iam
844 1150 949 1192 fisco
983 1149 1045 1190 fu-

248 1228 371 1268 erant
404 1224 622 1266 subastati
655 1223 747 1265 siue
786 1221 953 1264 titulati
987 1221 1045 1262 di-

246 1298 427 1340 cendum
466 1298 509 1337 et
547 1295 776 1350 pluraliter
817 1294 1043 1336 subastate

247 1373 472 1424 tamquam
499 1367 683 1422 plurime
710 1366 935 1422 passiones
960 1367 1043 1407 sta-

246 1443 340 1482 tute
374 1441 453 1482 sub
492 1442 588 1481 asta
625 1439 719 1480 fisci
757 1437 840 1479 hoc
878 1440 944 1478 est
977 1436 1044 1478 de-

247 1514 418 1554 cantate

189 1583 394 1626 Sabiatur
427 1583 650 1624 osculatur

188 1655 349 1698 Sabina
382 1669 518 1711 genus
550 1654 659 1710 ligni
693 1653 889 1695 similans
929 1652 1041 1693 iuni-

247 1742 351 1782 pero

136 1814 168 1838 10
189 1799 418 1842 Saccatum
467 1798 618 1840 uinum
669 1811 919 1852 expressum
966 1811 1044 1851 per

247 1886 420 1913 saccum
440 1870 538 1911 inde
555 1884 715 1911 nomen
730 1868 896 1923 accepit
917 1882 1042 1924 grece

190 1942 356 1999 Sagene
378 1956 500 1984 sacra
519 1942 562 1983 id
577 1944 644 1982 est
663 1941 910 1983 ueri-uelum
925 1939 1042 1996 greci

247 2015 381 2057 retiae
409 2013 541 2069 uulgo
569 2016 715 2054 autem
738 2013 962 2054 neruclum
984 2012 1042 2052 di-

248 2087 361 2128 citur

189 2157 358 2199 Salacia
384 2157 434 2198 de
466 2170 734 2211 paganorum
765 2155 888 2210 quasi
916 2153 1042 2196 mari-

188 2254 196 2263 ·
247 2229 356 2270 tima

191 2299 474 2342 Salamandra
506 2303 543 2349 Rc
577 2298 735 2340 animal
765 2297 950 2352 quodam
983 2297 1044 2338 in-

250 2373 425 2413 butrum

191 2443 497 2485 Salambonem
531 2456 665 2498 genus
700 2440 907 2483 monstris
942 2442 1009 2481 est

139 2527 169 2552 15
192 2514 372 2556 Salebra
414 2515 486 2556 uia
530 2513 742 2569 inequalis
788 2512 831 2553 id
876 2514 944 2553 est
986 2512 1043 2552 la—

249 2587 401 2641 pidosa

1084 862 1268 905 Sanctus
1302 879 1327 905 a
1357 864 1498 905 ueteri
1531 865 1840 906 consuetudine
1867 879 1936 919 ap-
1957 877 1991 902 20

1142 935 1331 990 pellatus
1359 949 1408 977 eo
1437 935 1550 990 quod
1582 934 1644 976 hii
1656 934 1687 993 ¹)
1722 936 1796 990 qui
1820 935 1936 991 puri-

1142 1007 1270 1048 ficare
1303 1007 1510 1048 uolebant
1549 1007 1758 1063 sanguiue
1795 1007 1937 1049 hostie

1143 1079 1386 1134 agebantur
1406 1093 1457 1120 ex
1476 1078 1560 1120 hoc
1581 1078 1851 1120 sanctionem
1872 1092 1937 1119 ac-

1144 1149 1306 1204 ceperit

1084 1219 1278 1263 Sandara
1311 1221 1604 1277 cappadocum
1643 1221 1794 1278 lingua
1825 1236 1935 1263 mar-

1141 1292 1229 1335 tius
1263 1293 1423 1335 mensis
1457 1294 1616 1335 dicitur

1083 1363 1243 1406 Sandix
1281 1379 1416 1421 genus
1451 1365 1609 1408 coloris
1643 1365 1716 1420 qui
1755 1365 1938 1407 sandici-

1140 1452 1221 1479 nus
1243 1436 1403 1479 dicitur
1420 1437 1522 1492 quia
1542 1437 1694 1478 sandix
1714 1433 1850 1478 herba
1870 1439 1937 1478 est

1083 1507 1396 1565 Sanguiuarius
1430 1508 1656 1563 parracida
1686 1508 1907 1551 homicida

1082 1579 1394 1637 Sanguinarius
1428 1580 1609 1622 sicarius
1641 1580 1756 1622 latro

1083 1651 1313 1708 Sappappa
1328 1651 1452 1707 quasi
1467 1652 1589 1693 dulce
1605 1651 1774 1693 acidum
1785 1651 1937 1693 uinum
1958 1664 1991 1689 25

1083 1722 1323 1765 Sacrabara
1343 1738 1470 1765 crura
1490 1726 1534 1765 et
1560 1723 1666 1764 tibie
1689 1723 1781 1765 siue
1807 1723 1936 1765 brace
1985 1720 1991 1725 '

1141 1795 1298 1850 quibus
1332 1810 1459 1838 crura
1490 1797 1700 1851 teguntur
1727 1798 1770 1836 et
1801 1794 1936 1836 tibiae

1082 1865 1220 1923 Sarga
1250 1882 1338 1909 non
1370 1867 1551 1909 idoneus
1584 1867 1765 1909 cuilibet
1797 1866 1906 1908 artis

1082 1937 1221 1995 Sarga
1257 1953 1345 1980 non
1376 1939 1556 1981 idoneus
1596 1938 1702 1980 artis
1735 1952 1809 1980 sue
1842 1952 1936 1992 pro-

1139 2010 1279 2053 sessor

1082 2081 1235 2124 Sartus
1257 2085 1463 2124 consutus
1491 2082 1702 2124 iuuenalis
1729 2081 1936 2124 scandun-

1140 2157 1212 2195 tur
1237 2154 1381 2196 tunice
1403 2157 1570 2195 sartum
1589 2151 1657 2211 (ex
1676 2153 1794 2196 libris
1813 2151 1934 2207 med.)

1083 2224 1273 2281 Satigeri
1305 2226 1447 2268 cilicio
1481 2226 1630 2268 uestiti
1662 2223 1903 2281 iogularius
1955 2236 1990 2261 30

1083 2295 1328 2339 Sationales
1361 2313 1489 2354 agros
1523 2297 1751 2340 seminales

1083 2367 1265 2424 Satrape
1298 2367 1551 2427 praefecti‘2)
1583 2383 1810 2425 persarum

1084 2439 1306 2483 Sauricem
1361 2441 1544 2483 soricem
1601 2440 1770 2495 antiqui
1821 2439 1935 2482 enim

1142 2510 1352 2569 samiae-²)
1392 2511 1635 2568 dicebant4)
1676 2512 1790 2566 quod
1821 2526 1935 2553 nunc

1141 2584 1325 2626 soricem
1357 2585 1626 2640 appellamus

289 2729 321 2773 1)
346 2739 390 2762 esc
416 2727 441 2761 ii
469 2739 559 2763 corr.
580 2729 591 2772 ΙΙ
611 2728 646 2772 2)
671 2736 760 2771 prae
782 2736 853 2770 pro
878 2735 944 2769 per
968 2736 1012 2759 m.
1030 2730 1053 2759 „2²
1075 2725 1085 2768 ΙΙ
1106 2726 1140 2769 3)
1167 2724 1180 2759 i
1207 2726 1291 2761 add.
1318 2737 1363 2761 m.
1380 2730 1398 2760 1
1419 2727 1431 2771 ΙΙ
1451 2727 1487 2771 4)
1511 2725 1561 2760 ba
1586 2736 1630 2760 em
1654 2725 1756 2760 baba
1781 2737 1825 2760 m.
1842 2728 1862 2759 1
1882 2726 1894 2770 ΙΙ

288 2863 318 2893 ι’»,
353 2859 491 2903 gardus
523 2859 535 2903 ss
574 2861 603 2891 7.

638 2868 685 2891 an
713 2856 811 2902 neu]
840 2855 1009 2891 auenalis
1033 2856 1038 2901 Ι
1061 2855 1201 2890 asturio
1225 2859 1229 2900 Ι
1252 2856 1438 2901 passionis
1469 2858 1481 2902 ΙΙ
1519 2860 1574 2892 11.
1601 2860 1665 2901 ‹gr—c
1696 2858 1708 2901 ΙΙ
1746 2859 1800 2891 12.
1827 2855 1900 2890 dea
1924 2856 1936 2900 ζ,

195 2921 248 2952 16.
276 2918 412 2963 glauca
442 2919 453 2963 Η
487 2921 540 2952 18.
569 2916 827 2951 adulescentes
859 2917 871 2961 ΙΙ
901 2919 956 2951 20.
984 2914 1198 2960 appellatur
1220 2919 1224 2960 Ι
1246 2915 1421 2961 purficari
1443 2918 1448 2960 1
1471 2916 1695 2961 acceperunt
1722 2918 1734 2961 ΙΙ
1765 2918 1821 2950 21.
1847 2925 1933 2959 cap-

193 2978 375 3020 padocum
408 2989 452 3011 ea:
484 2976 752 3021 Quppadocum
779 2986 870 3010 corr.
915 2977 926 3020 [Ι
970 2965 1024 3009 23.
1052 2974 1277 3019 parrachida
1319 2979 1330 3019 ΙΙ
1373 2979 1429 3011 24.
1457 2974 1639 3009 sicharius
1682 2976 1694 3019 ΙΙ
1736 2977 1792 3008 26.
1825 2973 1932 3008 Sara-

194 3036 286 3069 bara
316 3038 327 3080 Η
359 3039 414 3072 28.
443 3036 521 3071 siue
552 3038 564 3081 ΙΙ
595 3040 650 3071 29.
683 3034 934 3070 escanduntur
962 3037 966 3078 Ι
995 3034 1041 3068 de
1067 3033 1116 3079 gl.
1143 3036 1218 3070 cod.
1251 3037 1262 3080 ΙΙ
1294 3039 1349 3070 30.
1376 3034 1579 3070 iocularius
1609 3036 1622 3079 ss
1653 3038 1708 3069 32.
1741 3031 1898 3078 perfecti
1921 3034 1934 3080 Η

194 3099 247 3128 33.
277 3095 480 3140 Saul-incur}
516 3125 617 3131 .....
628 3108 684 3129 cm
707 3096 712 3140 Ι
734 3093 833 3128 euim
860 3093 1041 3128 sauricem
1065 3095 1069 3137 1
1093 3093 1286 3140 dicebant]
1322 3124 1350 3131 ..
1369 3124 1375 3130 .
1393 3096 1451 3129 ‚nt
1469 3096 1481 3139 ΙΙ
