2221 3490
901 136 1116 172 GLOSSAE
1143 137 1284 174 NONII

213 244 397 286 Tarmus
429 246 590 287 uermis
624 245 668 286 in
703 260 828 287 carne

213 316 364 372 Tagax
395 317 644 359 ferunculus

214 387 369 430 Terido
403 389 564 430 uermis
598 389 642 430 in
673 388 795 444 ligno

214 459 396 501 Ter-nale
431 475 567 516 genus
601 460 738 502 uestis

177 542 194 567 5
213 531 370 573 Tenias
392 532 508 573 uitae
531 532 803 573 sacerdotum
826 534 932 586 aput
950 547 1071 586 prae-

271 603 461 644 nistinus

212 673 483 730 Terrigipine
506 675 581 729 qui
609 678 725 716 terra
753 675 930 729 capiunt
957 675 1071 716 idem

1882 139 1966 181 637

1111 246 1394 289 Vernacellus
1430 248 1503 302 qui
1545 248 1730 290 suscitat
1769 263 1846 303 per
1879 249 1969 291 dies

1170 319 1306 361 festos

1111 389 1390 432 Vestibulum
1412 394 1511 433 ante
1534 392 1695 433 ostium
1722 392 1796 434 ubi
1824 392 1970 434 uelum

1170 463 1350 516 ponitur

1110 532 1259 574 Vestis
1293 534 1504 576 iudicaria
1535 535 1891 577 histrionicantes

1112 604 1296 646 Vibrare
1330 606 1533 647 minando
1567 606 1742 648 mittere

1110 675 1288 717 Vinatia
1321 677 1435 732 quod
1470 677 1576 718 exiit
1609 678 1659 720 de
1694 679 1794 719 uiuo

271 745 440 800 piscina
491 760 598 800 quas
650 749 693 787 et
749 745 867 788 lacos
918 746 1071 788 rustici
1111 747 1271 789 Vibrat
1304 749 1507 790 minando
1541 749 1680 790 mittit
1714 752 1852 792 astam

235 860 237 862 ,
270 820 432 859 uocant

212 888 383 944 Togata
415 888 549 944 gallia
580 888 763 943 pacifica

210 959 390 1002 Tolleno
424 975 560 1016 genus
595 960 819 1002 machinae
854 962 1057 1016 aquariae

211 1032 381 1074 Trabea
412 1032 549 1074 uestis
583 1033 704 1089 regia
737 1033 806 1074 uel
838 1034 1059 1075 senaturia

159 1117 191 1141 10
211 1102 384 1145 Tradux
417 1119 611 1160 propago

210 1246 373 1289 Valuas
405 1248 618 1290 fenestras
652 1262 817 1304 ganuas

215 1319 408 1362 Vabrum
441 1321 642 1362 uabrium
670 1319 917 1362 multiforffi

210 1391 343 1433 Vafre
376 1392 501 1434 ualde
535 1392 655 1434 uafre

208 1463 422 1520 Vagurrit
455 1464 549 1506 ocio
584 1464 752 1519 deperit
784 1468 919 1521 uagat

156 1548 189 1574 15
210 1535 477 1579 Verbactum
512 1539 630 1578 terra
661 1537 834 1591 procisa

784 1791 824 1837 XT

1112 819 1270 861 Virosa
1303 820 1459 861 mulier
1492 821 1686 862 uirorum
1722 825 1901 876 apetens

1110 890 1291 933 Vitilico
1337 891 1508 933 macula
1553 892 1654 933 alba
1698 893 1742 934 in
1788 908 1968 948 corpore

1169 962 1287 1005 alfon
1320 977 1446 1019 grece
1474 966 1518 1004 et
1550 978 1712 1018 proran
1743 968 1903 1006 uocant

1107 1033 1237 1076 Vlule
1272 1050 1354 1076 ono
1395 1036 1590 1076 centauri
1623 1035 1692 1076 uel
1733 1051 1834 1078 aues
1871 1052 1968 1079 noc-

1169 1109 1320 1148 turnas
1349 1122 1455 1162 quas
1489 1107 1623 1163 uulgo
1652 1123 1856 1150 cauamus
1884 1124 1939 1150 uo

1110 1178 1224 1220 Vola
1263 1179 1404 1220 media
1445 1194 1597 1221 manus
1644 1180 1689 1220 in
1729 1194 1814 1234 qua
1855 1195 2004 1222 cum-2»

1168 1265 1330 1305 punere
1358 1250 1499 1292 aliena
1525 1251 1571 1292 in
1596 1251 1698 1293 uolo
1726 1255 1769 1293 et
1802 1251 1968 1293 furtum

1168 1321 1280 1364 facio

1110 1392 1269 1449 Vpupa
1301 1393 1551 1436 ferramenti
1586 1409 1722 1451 genus
1762 1411 1786 1437 a
1819 1396 1969 1438 simili-

1168 1465 1316 1507 tudine
1375 1466 1575 1508 animalis
1629 1468 1742 1522 quod
1801 1468 1969 1523 depopa

1167 1537 1287 1593 greci
1318 1542 1481 1580 uocant

884 1790 1164 1838 GLOSSAE
1205 1791 1394 1838 NONII

754 1870 846 1914 (cod.
874 1870 976 1905 Leid.
1006 1870 1090 1904 (ΠΡ
1124 1882 1219 1906 saec.
1248 1871 1424 1917 VIILJIX)

207 1967 432 2022 Incipiunt
457 1968 605 2024 glosas
630 1967 776 2024 Agelli
806 1972 849 2010 et
870 1968 1067 2011 Marcelli

206 2037 329 2094 Aput
360 2040 483 2081 iuxta

206 2110 456 2153 Abstenens
492 2112 664 2154 subrius

206 2183 447 2239 Adipatum
478 2184 667 2240 pinguae

170 2268 186 2291 5
209 2255 423 2298 Adamare
446 2257 644 2312 oblegari
674 2256 870 2298 inherere
892 2257 945 2297 ab
968 2271 1067 2298 amo

265 2329 438 2370 trahere

206 2400 396 2455 Aquilex
429 2415 588 2455 aquam
622 2400 833 2456 colligens

207 2472 480 2526 Adstipolari
514 2471 730 2513 adsentire

208 2542 384 2585 Addicti
433 2543 610 2585 obnoxii
661 2544 808 2585 deuoti
857 2544 961 2598 quid
1009 2544 1068 2586 sit

267 2615 566 2670 equimentum
600 2615 701 2671 quid
734 2615 946 2658 eriificum
979 2617 1037 2658 sit

207 2686 403 2728 Abludas
436 2686 626 2729 furfures

152 2770 186 2795 10
205 2757 490 2800 Adulterione
522 2759 800 2814 peradultero

204 2829 460 2884 Anticipare
495 2830 619 2884 quasi
653 2833 752 2872 ante
787 2846 938 2886 capere

205 2899 447 2955 Aurigatur
480 2902 732 2944 moderatur
765 2903 880 2958 regit

205 2971 478 3014 Ancitectari
511 2988 756 3028 conponere

208 3044 322 3085 Adat
355 3044 471 3087 dicat

153 3126 186 3152 15
204 3114 382 3158 Amatio
417 3131 539 3158 amor
612 3158 617 3163 ,

1106 1968 1300 2010 Adesum
1334 1973 1641 2025 consumptum

1106 2041 1353 2083 Adtendere
1387 2042 1581 2098 cogitare

1109 2113 1427 2155 Adcommodat
1461 2114 1661 2171 adiungit

1107 2186 1393 2227 Autumnitas
1425 2202 1502 2242 per
1535 2191 1744 2229 autumno

1106 2258 1402 2300 Auttumnum
1435 2273 1590 2314 genere
1625 2262 1779 2302 neutro

1106 2329 1385 2372 Aritudinem
1416 2346 1494 2385 pro
1529 2331 1732 2374 ariditate

1106 2401 1346 2444 Aboriatur
1377 2417 1454 2457 per
1488 2407 1661 2446 auortet

1106 2473 1474 2516 Aduliscenciaris
1508 2491 1586 2530 pro
1619 2476 1851 2518 luxoriaris

1105 2545 1339 2588 Ancillatis
1374 2547 1512 2588 seruis

1105 2617 1262 2659 Aetate
1295 2618 1452 2672 prodiu

1105 2689 1241 2730 Altile
1276 2690 1562 2745 oppulentum

1106 2761 1326 2802 Asulatim
1352 2760 1544 2818 slsslslslslllss

1106 2833 1328 2874 Anxitudo
1363 2837 1543 2875 anxetas

1105 2904 1406 2946 Albitudinem
1439 2920 1518 2960 pro
1553 2906 1651 2948 aluo

1105 2976 1328 3018 Adhesum
1362 2976 1639 3019 coherentem

1104 3047 1410 3103 Amolisssmim'
1461 3047 1501 3105 (l
1540 3047 1663 3106 eras.)
1709 3050 1852 3092 tollite
1897 3066 1963 3093 re—

1165 3119 1302 3162 cedite

1989 692 2024 714 *20

1988 2274 2021 2298 20

1986 2632 2019 2658 25

1983 2992 2018 3018 30
