2216 3402
244 162 328 204 140

243 273 336 324 Qua
359 308 365 315 .
387 273 497 314 unde

211 376 214 379 -
241 345 504 395 Quassatum
526 378 533 384 .
555 343 785 400 fractum1)

242 417 439 467 Quantus
461 450 468 457 .
491 430 622 470 quam
653 415 781 458 fortis

241 489 457 539 Queamus
478 522 485 528 .
508 487 724 542 possimus

206 571 221 594 ι’»
243 561 435 611 Quedam
457 592 465 601 .
487 559 677 614 aliquem

242 632 511 687 Quemquam
533 665 541 673 .
563 631 750 687 aliquem

243 704 466 758 Quemque
488 737 496 745 .
518 718 785 759 quecumque

241 775 466 826 Quennam
486 808 495 817 .
516 775 805 832 interrogatio
833 777 883 818 de
910 791 1097 832 persona

299 847 483 890 feminee

242 919 519 970 Querimonie
543 954 548 960 .
572 920 918 977 querellegraues

191 1003 221 1027 10
241 992 407 1042 Queror
428 1025 435 1033 .
455 991 638 1033 iniurias
671 1006 788 1034 meas
821 992 964 1034 indico

240 1065 428 1114 Questus
449 1097 457 1105 .
478 1063 599 1105 lucra
631 1067 706 1105 aut
740 1063 931 1118 querella

239 1135 426 1186 Questor
447 1168 456 1177 .
477 1134 750 1177 consiliarius
794 1136 869 1191 qui
912 1134 1092 1191 pecunia

297 1207 472 1263 publica
493 1241 501 1248 .
521 1210 728 1262 prerogat

239 1279 417 1330 Questio
439 1313 448 1321 .
469 1279 731 1321 examinatio

241 1352 406 1403 Queam
427 1386 434 1394 .
455 1365 634 1406 possum

188 1441 218 1465 15
240 1424 440 1474 Queritat
460 1457 467 1464 .
489 1423 734 1478 exemplum
768 1423 942 1479 flagitat

241 1495 445 1546 Queritos
468 1528 475 1536 .
496 1494 681 1550 populos
709 1510 911 1537 romanos
933 1495 1096 1537 iudices

243 1568 435 1618 Quercus
457 1603 465 1610 .
487 1567 618 1608 arbus

242 1641 454 1690 Questum
476 1672 484 1679 .
503 1638 674 1681 lucrum

241 1711 356 1761 Quat
377 1745 384 1752 .
405 1710 547 1766 possit

187 1770 497 1839 -20‘Quempiam
518 1816 526 1825 .
548 1783 736 1838 aliquem

242 1856 454 1906 Querulus
488 1888 496 1897 .
528 1855 779 1910 frequenter

301 1928 432 1969 abens
620 1938 625 1941 '

243 2001 335 2050 Que
358 2034 365 2041 .
385 1999 498 2041 unde

242 2071 332 2121 Que
354 2105 363 2113 .
382 2086 435 2112 ue
457 2103 465 2112 .
487 2071 556 2112 uel
587 2085 668 2125 que

243 2143 333 2193 Que
366 2142 568 2184 fortuna.
591 2142 686 2196 quis
721 2144 900 2183 euentus

872 1854 1087 1910 querellas

190 2231 222 2256 25
243 2214 457 2265 Querinus
480 2248 486 2256 .
508 2213 711 2262 romulus

243 2287 379 2336 Quem
400 2321 408 2328 .
430 2285 618 2340 aliquem

244 2357 613 2408 Quemadmodum
634 2391 640 2398 .
663 2357 776 2399 sicut

244 2430 486 2480 Quesumus
509 2461 517 2471 .
539 2443 766 2483 precamur

245 2501 576 2552 Questiouarius
598 2534 605 2541 .
629 2500 824 2554 quesitor

191 2590 224 2613 30
246 2574 365 2623 Quco
386 2606 393 2614 .
415 2587 592 2627 possum

248 2644 421 2693 Queunt
442 2677 448 2683 .
470 2646 654 2697 possunt

248 2716 500 2769 Quibusque
521 2749 528 2756 .
550 2714 891 2770 quibuscumque

248 2787 412 2836 Quidue
434 2819 442 2827 .
462 2785 531 2827 uel
565 2786 729 2840 aliquid

248 2857 406 2907 Quidni
427 2892 434 2898 .
455 2857 539 2900 hoc
571 2858 712 2913 magis
735 2892 742 2899 .
762 2857 846 2899 hoc
877 2857 1024 2912 potius

194 2945 226 2969 33
249 2928 359 2978 Quid
409 2929 579 2970 differet
606 2963 613 2970 .
641 2929 744 2984 quid
798 2929 980 2970 interest
1034 2927 1104 2969 uel

310 3001 412 3054 quid
445 3000 570 3042 obest

768 162 1002 198 I'LAClDVS
1029 161 1216 199 CODICIS
1242 162 1457 198 PARISINI

1135 273 1247 323 Quid
1277 272 1342 314 ita
1364 307 1372 314 .
1391 275 1572 328 propter
1605 273 1708 328 quid

1136 345 1353 400 Quiquam
1374 379 1381 386 .
1401 345 1564 400 aliquid

1137 417 1354 472 Quidquid
1381 417 1423 459 id
1445 419 1512 458 est
1532 451 1539 457 .
1564 431 1836 472 quocumque
1861 417 1906 460 id
1926 421 1993 460 est

1137 489 1350 539 Quierunt
1370 522 1378 530 .
1401 489 1660 544 quieuerunt

1138 561 1268 610 Quies
1290 595 1298 602 .
1320 560 1617 616 tranquillitas

1137 632 1266 682 Quies
1295 667 1303 674 .
1329 648 1415 688 pax
1435 667 1442 674 .
1466 632 1688 674 silentium
1710 667 1716 674 .
1745 632 1963 675 somnium
1985 670 1991 676 .

1200 707 1412 747 secretum

1136 770 1248 826 Quin
1267 777 1401 818 immo
1424 810 1431 818 .
1452 775 1536 818 hoc
1555 776 1696 832 magis
1717 811 1724 819 .
1744 777 1827 820 hoc
1846 778 1993 833 potius

1137 848 1251 898 Quin
1272 881 1281 890 .
1301 847 1387 890 nisi
1419 848 1488 890 uel
1522 848 1664 890 siuero

2012 572 2048 597 40

1136 920 1249 970 Quin
1270 954 1278 962 .
1299 923 1349 962 ut
1380 935 1467 961 non
1500 920 1632 962 etiam

1137 992 1250 1042 Quin
1282 992 1428 1046 potius
1451 1026 1459 1034 .
1480 992 1622 1048 magis
1655 992 1883 1047 magisque
2013 1002 2047 1028 35

1137 1064 1304 1119 Quippe
1326 1097 1334 1105 .
1356 1064 1506 1118 utique
1539 1064 1608 1106 uel
1641 1079 1794 1106 reuera

1137 1135 1371 1191 Quippiam
1391 1169 1399 1178 .
1421 1135 1639 1181 modicum

1137 1207 1305 1262 Quippe
1326 1241 1333 1248 .
1355 1222 1454 1249 uere
1489 1207 1580 1248 sibe
1611 1222 1737 1249 amen

1137 1279 1341 1328 Quirinus
1364 1312 1372 1321 .
1393 1279 1647 1320 sabinorum
1680 1279 1831 1335 lingua
1863 1282 1960 1322 asta
1982 1315 1989 1321 .

1194 1351 1304 1392 unde
1338 1353 1381 1392 et
1413 1354 1567 1405 postea
1587 1384 1595 1393 .
1617 1351 1811 1392 romulus
1845 1351 1988 1394 dictus

1197 1425 1263 1463 cst

1137 1494 1318 1543 Quiritis
1340 1528 1347 1535 .
1368 1493 1518 1549 populi
1552 1492 1860 1550 romauiffssssl'Z)

1136 1566 1353 1616 Quiritum
1375 1600 1382 1607 .
1404 1580 1684 1608 romanorum

1137 1637 1266 1687 Quiui
1287 1672 1294 1679 .
1316 1637 1440 1692 potui

1136 1710 1219 1759 Qui
1251 1709 1349 1751 inde
1371 1743 1379 1751 .
1400 1724 1483 1764 quo
1518 1709 1645 1750 modo

1136 1781 1240 1831 Quis
1275 1783 1463 1837 quantus
1485 1814 1493 1822 .
1515 1795 1645 1835 quam
1677 1794 1862 1836 magnus

2015 1504 2049 1529 50

1136 1853 1342 1909 Quisquis
1376 1868 1420 1896 es
1443 1886 1450 1894 .
1473 1852 1732 1907 quicumque
1765 1867 1810 1899 es
2015 1862 2050 1888 55

1137 1926 1295 1976 Quidni
1316 1960 1324 1967 .
1345 1940 1476 1980 quare
1510 1939 1597 1966 uon
1618 1957 1625 1965 .
1648 1923 1850 1966 uidelicet
1871 1959 1878 1966 .
1899 1939 1995 1979 pro-

1196 1999 1311 2040 fecto

1139 2070 1351 2119 Quocirca
1371 2101 1380 2110 .
1402 2069 1539 2123 quade
1572 2082 1702 2110 causa

1138 2141 1231 2190 Quo
1242 2140 1275 2196 3)
1321 2140 1459 2182 sidere
1505 2139 1626 2181 cuius
1673 2138 1827 2180 sideris
1866 2142 1965 2181 ortu
1987 2174 1994 2180 .

1197 2213 1267 2254 uel
1301 2226 1455 2254 occasu
1475 2243 1484 2252 .
1504 2210 1618 2252 idest
1651 2225 1735 2265 quo
1769 2213 1965 2266 tempore

1138 2285 1231 2334 Quo
1264 2284 1343 2326 sub
1378 2283 1469 2325 celo
1492 2316 1498 2323 .
1521 2283 1600 2324 sub
1636 2297 1719 2337 qua
1753 2282 1834 2324 celi
1865 2285 1993 2338 parte

1137 2356 1378 2406 Quominus
1399 2388 1408 2397 .
1428 2354 1620 2410 ‘qualiter

1137 2428 1348 2478 Quocirca
1369 2460 1377 2470 .
1397 2441 1476 2481 pro
1510 2440 1596 2481 qua
1626 2440 1672 2468 re
1704 2426 1800 2468 ideo

1139 2500 1233 2549 Quo
1255 2533 1262 2540 .
1283 2499 1359 2540 ubi

1137 2569 1410 2625 ssQuodpiam
1432 2603 1439 2610 .
1462 2568 1679 2623 quoddam

1141 2641 1466 2692 Quodammodo
1488 2674 1496 2681 .
1519 2640 1705 2694 quodam
1738 2641 1906 2682 ratione

1140 2713 1365 2762 Quondam
1387 2746 1396 2754 .
1417 2711 1648 2765 aliquando

1142 2784 1324 2838 Quoque
1342 2818 1350 2825 .
1371 2782 1591 2839 singulare

1142 2855 1334 2905 Quorsus
1356 2888 1363 2896 .
1386 2867 1657 2909 quoquerens

1143 2926 1255 2976 Qnffi
1277 2959 1284 2967 .
1307 2925 1408 2980 quia

1143 2997 1383 3047 ²¹²Quocirca
1403 3030 1411 3039 .
1431 3011 1510 3051 pro
1548 2995 1592 3037 id
1632 2996 1745 3037 circo
1790 2995 1994 3050 ponitur.

2016 2363 2052 2389 60

2015 2720 2050 2746 65

348 3154 383 3197 l)
410 3164 444 3186 m
471 3153 555 3188 add.
583 3165 627 3188 m.
641 3156 677 3196 2,
703 3158 744 3188 ut
768 3153 841 3189 vid.
862 3153 929 3198 112)
954 3152 965 3187 i
992 3164 1070 3198 sup.
1097 3163 1164 3187 scr.
1185 3152 1196 3196 Η
1217 3154 1252 3195 3)
1279 3149 1358 3192 Quo
1384 3160 1428 3185 ex
1455 3147 1561 3191 Quod
1587 3159 1676 3184 corr.
1698 3148 1710 3192 11
