2175 3428
661 137 919 173 EXCERPTA
944 137 1009 172 EX
1034 137 1179 173 LIBRO
1207 137 1499 173 GLOSSARVM

199 249 317 291 Exta
349 248 488 302 medie
521 248 734 303 pecodum
765 250 914 303 partes

200 320 496 362 Exterminati
523 323 646 362 extra
672 320 883 362 terminos
910 318 1060 376 facti1)

199 391 399 433 Extimat
441 391 486 433 in
526 407 571 434 re
617 392 732 433 mala
771 393 838 433 est
881 392 1061 434 dicenda

261 464 526 506 existimatio

199 535 453 577 Extincsem
486 535 790 577 extincsissem

162 619 178 643 5
199 607 400 650 Extincsi
431 606 677 649 extincsisti

146 1266 178 1289 10

147 1696 178 1722 15

144 2344 179 2369 20

198 679 402 721 Extinxti
435 677 662 720 extinxisti
697 676 854 736 (Viry.)

197 751 441 806 Extinspex
475 750 549 805 qui
581 752 683 792 exta
714 750 892 805 inspicit

198 822 416 878 Extispici
467 821 687 877 aruspices
739 823 792 864 ab
842 838 891 865 eo
944 824 1056 879 quod

258 895 370 936 fibra
400 895 444 936 id
471 896 539 936 est
571 893 782 935 interiora
813 895 1059 936 considerat

197 967 444 1008 Extraneos
489 981 540 1007 ex
585 965 671 1007 alia
715 968 833 1008 terra
883 966 953 1008 uel
998 967 1059 1008 in-

258 1039 418 1080 maturi
482 1053 590 1094 quos
647 1038 856 1080 exterrita
919 1042 1060 1080 mater

258 1111 434 1153 auulsos
480 1110 607 1152 eiecit
646 1110 761 1165 quod
806 1124 941 1167 genus
985 1111 1060 1153 ho-

259 1183 443 1225 stiarum
476 1182 611 1224 sacris
644 1197 733 1224 non
766 1181 967 1225 adibetur

196 1256 443 1298 Extuberat
475 1257 616 1296 tumet
649 1252 854 1311 exeitat2)
910 1250 921 1255 ⁵

197 1327 474 1369 Extuderant
513 1329 817 1381 expresserant
856 1326 1058 1382 uirgilius

258 1403 302 1441 et
322 1399 445 1454 lapsa
472 1397 661 1440 anchilia
681 1398 773 1452 celo
801 1399 1060 1441 extuderant

198 1472 462 1514 Extulentus
497 1485 591 1524 esce
626 1470 733 1512 satis
767 1471 1029 1526 inportunus

196 1545 454 1586 Exuberans
488 1543 652 1585 afluens
685 1543 755 1585 uel
788 1543 1013 1584 abundans

197 1616 435 1658 Exulcerat
468 1618 697 1670 exasperat

198 1686 489 1731 Exumtuauit
523 1687 784 1742 pauperabit

199 1760 396 1803 Exuuiae
430 1759 588 1801 ducum
615 1762 717 1800 sunt
745 1759 885 1814 spolia
917 1759 1059 1813 priua-

258 1836 404 1875 torum
439 1829 579 1888 (Isz'd.)

197 1905 366 1959 Exuuie
392 1903 622 1946 hominum
648 1902 851 1945 dicuntur
884 1902 1059 1956 indubio

257 1977 438 2018 deorum
470 1977 576 2030 aput
608 1989 803 2031 paganos
837 1973 980 2031 (Isia.)

197 2048 366 2102 Exuuie
413 2047 554 2103 spolia
595 2062 704 2101 quac
753 2045 896 2088 occiso
941 2046 1059 2088 hosti

257 2120 473 2163 tolluntur
506 2116 650 2176 (Isz'cl.)

198 2263 344 2307 Faber
374 2263 544 2305 naualis
578 2262 651 2318 qui
684 2277 841 2304 nauem
873 2262 1059 2304 fabricat

199 2336 408 2378 Fabiscor
440 2335 587 2377 fautor
620 2338 696 2377 aut
728 2334 879 2377 fabens

1872 137 1954 178 197

1099 247 1133 289 F
1139 247 1322 290 abonius
1362 250 1517 289 uentus
1556 246 1758 289 fabonius
1798 247 1958 289 dicitur

1160 320 1293 361 etiam
1320 318 1425 362 solis
1451 319 1597 361 radius
1625 319 1699 373 qui
1724 333 1812 360 non
1837 333 1957 360 num-

1159 406 1289 446 quam
1327 391 1443 433 uitro
1483 394 1558 432 aut
1597 393 1778 447 argento
1817 405 1958 445 reper-

1160 477 1310 504 cussus
1355 462 1506 519 uagiat
1550 462 1727 504 tremuli
1770 461 1957 517 fulgoris

1160 534 1289 576 simul
1310 549 1335 576 a
1350 534 1549 576 claritate
1571 533 1818 589 resplendet
1832 533 1958 575 aliter

1158 607 1258 648 bres
1290 621 1445 662 prosus

1099 678 1266 720 Fabulo
1299 677 1470 720 fabulas
1504 675 1796 734 conponens3)

1098 750 1342 792 Fabulones
1376 750 1624 791 fabularum
1656 750 1906 791 inuentores

1098 821 1350 863 Fabulonus
1383 821 1632 863 fabularum
1664 821 1866 863 inuentor

1097 893 1131 935 F
1137 893 1328 936 acissant
1359 893 1523 935 faciant
1557 896 1632 934 aut
1664 890 1912 948 recedant4)
1978 905 2011 929 25

1096 965 1296 1007 Facissat
1327 965 1434 1007 facit
1465 965 1536 1007 uel
1568 964 1704 1006 efficit

1097 1037 1298 1079 Facissat
1329 1037 1531 1093 designat
1565 1036 1696 1079 cessit

1098 1109 1328 1152 Factiosus
1360 1109 1495 1151 fallax
1528 1110 1732 1164 deceptor
1765 1123 1866 1163 sepe
1899 1107 1958 1149 fa-

1158 1182 1274 1224 ciens
1884 1189 1889 1194 “

1098 1254 1320 1296 Factitare
1353 1254 1603 1308 frequenter
1638 1251 1778 1295 facere

1099 1326 1293 1367 Factitat
1325 1325 1577 1380 frequenter
1608 1324 1716 1366 facit

1100 1398 1235 1440 Facto
1269 1412 1378 1453 opus
1412 1398 1470 1439 sit
1502 1397 1595 1438 fieri
1629 1397 1862 1439 conueniat

1099 1470 1388 1526 Falangarius
1421 1472 1471 1511 ut
1503 1469 1697 1524 gladium

1098 1541 1262 1584 Falanx
1294 1542 1338 1583 id
1366 1544 1433 1583 est
1466 1541 1680 1583 exercitus
1708 1540 1816 1582 alias
1843 1541 1959 1596 legio

1159 1614 1265 1656 alibi
1322 1613 1514 1655 militum
1567 1612 1803 1655 multitudo
1855 1612 1960 1654 alibi

1160 1686 1264 1728 ordo
1299 1683 1490 1728 militum

1099 1758 1269 1800 Fallare
1303 1756 1522 1800 consolari

1100 1829 1299 1871 Falarica
1350 1843 1486 1885 genus
1540 1842 1635 1870 arcc
1682 1828 1835 1884 grandi
1884 1830 1960 1870 aut
1979 1838 2013 1864 35

1159 1915 1297 1957 genus
1331 1900 1408 1942 teli

1098 1973 1290 2015 Falcitat
1321 1974 1449 2028 putat
1482 1974 1599 2014 secat
1612 1969 1647 2029 ⁵)

1099 2045 1311 2087 Falcones
1345 2044 1419 2099 qui
1451 2042 1614 2099 polices
1653 2044 1810 2098 pedum
1842 2043 1958 2086 intro

1158 2131 1315 2159 curuos
1347 2116 1513 2158 habent

1097 2189 1253 2231 Falera
1287 2190 1544 2231 ornamenta
1576 2202 1788 2242 equorum

1097 2259 1317 2316 Falerasss)
1352 2262 1532 2302 ornatus
1566 2273 1815 2302 sermonum

1097 2330 1324 2389 Faleras⁷)
1357 2332 1559 2388 uirgilius
1593 2332 1764 2388 galeam
1791 2345 1873 2386 que
1897 2331 1959 2373 ni·
1979 2344 2014 2368 40

1979 1336 2013 1360 30

321 2468 355 2510 1)
382 2464 476 2500 facti
502 2476 576 2501 non
601 2466 692 2501 satis
718 2465 853 2510 dispici
874 2468 993 2510 potest
1017 2465 1029 2509 11
1050 2465 1085 2501 2)
1114 2463 1178 2497 alb
1205 2461 1346 2497 existat
1372 2463 1410 2497 et
1436 2461 1529 2497 alibi
1557 2463 1662 2496 extat
1687 2465 1844 2508 mcci-9011
1873 2463 1908 2507 3)
1934 2474 1959 2496 n

199 2530 283 2561 ante
309 2537 325 2560 s
350 2536 377 2561 s.
404 2536 471 2560 scr.
499 2537 543 2560 m.
571 2536 638 2560 rec.
659 2525 671 2569 Η
691 2526 727 2569 4)
753 2523 926 2559 recidant
951 2535 1038 2559 corr.
1071 2535 1112 2559 m.
1130 2527 1154 2558 :2
1171 2522 1223 2567 (ἓ)
1245 2523 1256 2567 ΙΙ
1286 2523 1322 2567 ὁ)
1349 2533 1441 2557 corr.
1470 2524 1552 2557 m.2
1577 2533 1621 2556 ex
1648 2520 1766 2556 siccat
1784 2524 1796 2566 ΙΙ
1826 2523 1862 2566 6)
1888 2533 1906 2555 r
1930 2533 1957 2557 s.

199 2597 266 2621 scr.
294 2597 337 2620 m.
354 2589 379 2621 2
412 2586 424 2629 u
457 2586 491 2629 7>
516 2595 578 2619 ras
604 2585 689 2620 aelel.
716 2589 801 2620 772.ss
834 2586 846 2629 ΙΙ

323 2709 352 2740 1.
384 2704 571 2750 pecudum
601 2716 646 2739 ex
677 2703 862 2749 pecodum
892 2714 983 2739 corr.
1028 2705 1040 2748 ΙΙ
1084 2707 1116 2737 3.
1149 2700 1339 2736 Exstimat
1370 2712 1415 2736 ex
1448 2699 1617 2735 Extimat
1647 2712 1738 2736 corr.
1783 2703 1794 2745 ΙΙ
1838 2704 1870 2734 4.
1898 2711 1958 2734 ex-

200 2763 418 2799 tincxissem
456 2766 468 2810 ΙΙ
513 2767 543 2799 5.
577 2762 754 2798 Extincxi
787 2765 792 2808 Ι
828 2762 1043 2798 extincxisti
1081 2765 1092 2808 11
1125 2766 1156 2798 9.
1191 2773 1283 2806 quos
1310 2771 1428 2807 genus
1464 2763 1468 2801 Ι
1504 2759 1706 2795 adhibetur
1737 2762 1749 2805 Η
1782 2764 1836 2795 10.
1865 2759 1960 2794 alibi

201 2823 332 2858 existit
359 2823 453 2858 alibi
479 2825 584 2858 extat
608 2834 734 2869 margo
753 2825 764 2867 11
795 2827 850 2858 11.
877 2822 1051 2870 uirgilius
1079 2822 1209 2868 elapsa
1239 2825 1243 2866 Ι
1273 2820 1430 2856 achillia
1460 2821 1472 2865 ΙΙ
1505 2823 1559 2855 13.
1588 2819 1745 2854 affluens
1774 2822 1779 2863 Ι
1813 2819 1957 2854 habun-

202 2883 297 2918 dans
322 2885 334 2928 Η
360 2886 415 2917 15.
442 2882 671 2928 pauperabit
695 2894 740 2918 m.
756 2885 788 2926 1,
814 2883 1042 2928 pauperauit
1066 2895 1101 2918 m
1129 2887 1147 2917 4
1176 2886 1216 2917 ut
1241 2881 1314 2917 vid.
1342 2881 1352 2925 {l
1387 2883 1441 2915 16.
1468 2878 1679 2925 priuatoria
1704 2890 1749 2915 ex
1773 2878 1959 2924 priuatori

202 2955 294 2978 corr.
320 2944 332 2986 ΙΙ
365 2945 418 2976 17.
446 2942 627 2976 induuiae
651 2943 655 2988 Ι
678 2942 724 2976 de
750 2941 800 2987 gl.
827 2944 902 2978 cod.
933 2944 945 2988 ΙΙ
974 2946 1029 2978 18.
1056 2942 1206 2978 tossitur
1230 2953 1275 2975 m.
1292 2943 1324 2974 1.
1351 2939 1538 2974 tolluntur
1561 2941 1645 2974 m.4
1668 2939 1672 2982 1
1696 2938 1742 2973 de
1767 2937 1818 2984 gl.
1844 2939 1920 2974 cod.

203 3006 259 3036 ⁶20.
286 3001 420 3047 fabens
445 3013 490 3036 m.
507 3005 538 3044 1,
565 3001 698 3036 fauens
718 3013 763 3037 m.
777 3004 801 3036 4
819 3003 831 3047 ΙΙ
850 3005 907 3037 21.
933 3004 1103 3048 repertus
1131 2999 1240 3045 <alibi
1259 3010 1450 3045 respersus
1470 2999 1610 3045 margo)
1632 3027 1639 3034 .
1662 3009 1705 3033 su
1726 3026 1733 3034 .
1755 2997 1864 3044 suagi
1885 3027 1892 3034 .
1915 3009 1958 3033 ac

138 3103 141 3107 ‚
202 3061 354 3096 tremuli
383 3064 387 3105 1
418 3060 528 3095 aliter
552 3060 638 3095 bres
663 3071 796 3106 prosus
822 3073 889 3097 om.
921 3064 933 3108 ΙΙ
965 3065 1021 3097 24.
1055 3059 1280 3095 Fabularius
1306 3071 1350 3095 ex
1375 3057 1585 3093 fabulorius
1616 3069 1707 3094 corr.
1740 3059 1752 3103 ΙΙ
1783 3061 1838 3093 25.
1866 3057 1958 3093 reci-

204 3121 297 3156 dant
315 3123 326 3166 n
347 3124 403 3155 323.
429 3119 654 3166 Falangaris
673 3121 686 3168 ΙΙ
705 3124 761 3155 34.
787 3120 934 3156 Fallere
965 3123 976 3167 ΙΙ
996 3125 1051 3156 35.
1080 3122 1159 3155 arte
1188 3122 1199 3165 ΙΙ
1220 3123 1275 3155 37.
1302 3117 1459 3165 pollices
1485 3130 1530 3154 ex
1553 3117 1696 3164 policcs
1722 3129 1812 3154 corr.
1833 3120 1845 3164 ΙΙ
