2221 3490
237 1006 269 1030 10

235 1725 269 1749 20

235 2468 268 2493 30

292 185 379 226 664

290 294 489 336 Procliue
522 294 604 335 tibi
637 296 704 335 est

290 365 376 407 Par
409 368 475 407 est
508 365 581 407 ille
615 366 830 422 dignitate

289 437 443 493 Pergis
476 438 688 479 molestus
722 452 814 479 esse

289 509 537 565 Praegestit
572 509 741 550 animus

291 604 619 661 Quinquennale
653 606 871 646 certamen

290 675 412 725 Quod
441 691 536 718 sum
558 677 751 718 dicturus
779 675 823 716 in
852 675 975 716 breui
1000 689 1146 717 coram

289 771 491 814 Redemit
523 771 690 813 facinus
725 786 851 812 suum

289 844 492 886 Reddunt
525 843 715 886 calculos

288 916 473 971 Respuit
505 930 653 970 preces
687 914 779 956 eius

290 989 456 1030 Pabula
489 987 606 1029 canis

287 1059 627 1115 Receptaculum
677 1057 975 1099 deuersorium
1025 1057 1146 1113 flagi-

348 1133 510 1175 tiorum

287 1204 398 1246 Rem
430 1203 598 1245 familia
630 1201 752 1243 duxit

288 1275 536 1318 Renouauit
551 1273 581 1331 ¹)

255 1364 269 1388 r,
292 1347 527 1403 Repulsam
558 1347 663 1388 tulit

289 1419 562 1475 Reprobauit
593 1418 759 1460 factum
793 1417 884 1458 eius

290 1492 367 1533 Rei
400 1491 598 1546 publicae
631 1490 772 1531 laesae

290 1563 474 1619 Rigidus
507 1563 636 1604 iudex

288 1634 653 1690 Repraesentauit
686 1648 737 1675 ex
769 1636 891 1688 parte

289 1707 563 1762 Respectulit
596 1709 812 1747 terrarum
844 1719 1038 1746 mearum

288 1778 516 1820 Restibilis
554 1792 657 1834 ager

291 1850 586 1892 Remunerare
618 1849 937 1891 humanitatem
971 1851 1092 1889 tuam

291 1943 433 1989 Solito
467 1960 544 1988 suo
578 1960 699 1994 more

291 2016 336 2059 Si
368 2032 463 2059 meo
496 2017 655 2059 iudicio
684 2017 858 2059 accedes
893 2015 1144 2058 summatim

254 2108 270 2132 5
291 2088 433 2131 Semel
464 2092 594 2144 atque
626 2089 785 2130 iterum
816 2087 1001 2130 inlectus
1014 2086 1050 2143 2)

291 2160 552 2217 Sufragatus

291 2232 511 2288 Saepulcri
542 2232 699 2274 uiolati
711 2231 746 2288 3)

291 2304 560 2360 Saepulcri4)
595 2304 837 2359 incorrupti

290 2375 524 2418 Sollicitati
557 2375 762 2430 mancipii

291 2447 522 2503 Suppressi
554 2447 807 2490 testamenti

291 2518 365 2560 Sui
400 2519 609 2561 uirtutem
642 2521 816 2561 secutus
850 2520 916 2559 est

292 2591 558 2646 Sumptuosa
589 2605 658 2632 res

292 2662 557 2704 Societatem
590 2662 678 2704 coit
711 2677 808 2704 cum
841 2661 917 2702 illo

293 2733 516 2776 Succurrit
548 2734 613 2775 illi

389 2842 421 2884 1)
455 2843 628 2884 quattuor
659 2849 750 2884 quae
781 2841 953 2872 secuntur
986 2836 1183 2871 locutiones
1220 2835 1387 2880 expediri
1417 2846 1492 2870 ‘non
1522 2835 1723 2879 potuerunt
1758 2833 1771 2875 ΙΙ
1808 2831 1842 2875 2)
1879 2828 2040 2864 inlectus

291 2900 406 2934 (lubia
433 2899 580 2933 lectione
605 2900 617 2942 11
642 2899 678 2942 3)
705 2896 840 2931 uiolati
866 2897 980 2931 dubia
1006 2896 1155 2931 lectione
1180 2897 1192 2940 ΙΙ
1216 2896 1252 2939 4)
1281 2896 1298 2929 ἔ·
1326 2895 1437 2929 codex
1461 2896 1472 2939 ῃ
1501 2894 1536 2936 5)
1562 2904 1587 2926 11
1612 2894 1796 2936 expuncta
1821 2894 1853 2925 et
1878 2900 1902 2923 u
1926 2900 2041 2934 supra

971 181 1035 217 DE
1061 180 1355 217 LATINITATE

1188 290 1373 347 Subegit
1405 294 1448 333 et
1480 291 1674 333 uendidit

1188 360 1304 404 Satis
1338 363 1526 417 prudens

1189 432 1442 488 Supersedit
1475 434 1661 476 iudicem

1188 503 1363 546 Sulcare
1398 520 1586 560 aequora

1187 574 1344 617 Senilis
1377 576 1571 618 incessus

1187 646 1332 688 Solide
1365 648 1534 690 roboris

1187 717 1391 760 Strictius
1426 733 1553 775 agam

1187 789 1365 831 Sterelis
1399 792 1593 833 amicitia

1187 860 1415 916 Specimen
1449 862 1621 905 scholae

1187 931 1430 988 Suspensus
1466 935 1635 976 animus

1188 1003 1436 1059 Suppurato
1470 1005 1615 1046 animo

1186 1073 1375 1131 Salina-⁵)
1408 1075 1546 1117 latina

1185 1144 1379 1201 Supplici
1412 1162 1517 1190 uoce

1185 1218 1315 1259 Salua
1347 1218 1518 1261 iustitia
1549 1219 1760 1274 praesidis

1185 1287 1316 1330 Salua
1349 1290 1454 1331 iuris
1489 1291 1707 1346 aequitate

1187 1359 1288 1402 Sine
1322 1361 1509 1416 strepitu
1542 1362 1626 1404 fori

1185 1430 1335 1473 Solum
1368 1433 1502 1474 uertit

1185 1503 1430 1545 Secundum
1463 1519 1604 1545 meam
1637 1504 1898 1545 sententiam

1186 1574 1460 1631 Suffragatur
1492 1575 1599 1616 mihi

1187 1687 1353 1730 Taedio
1388 1703 1564 1729 suarum
1595 1702 1740 1729 rerum

1184 1758 1373 1800 Tenerae
1408 1760 1564 1801 aetatis

1187 1830 1357 1872 Titulos
1392 1846 1440 1872 ac
1473 1831 1642 1872 natales
1677 1844 1778 1872 suos

1186 1901 1455 1944 Testimonio
1490 1917 1568 1944 suo
1601 1903 1858 1957 prosecutus
1892 1903 1960 1942 est
1981 1903 1989 1912 ‘

1184 1973 1370 2015 Tumore
1402 1974 1495 2029 agit

1185 2045 1404 2087 Tirocinia
1436 2046 1527 2087 eius
1561 2048 1603 2086 et
1635 2045 1832 2100 regimen

1185 2116 1326 2158 Tuum
1358 2117 1604 2159 rudimenta

1184 2188 1448 2230 Trundicum
1482 2191 1526 2229 et
1557 2187 1826 2243 uliginosum

1185 2259 1421 2301 Tormento
1455 2258 1564 2300 mihi
1597 2261 1663 2299 est

1184 2331 1296 2372 Toto
1329 2329 1543 2372 incumbit
1576 2330 1720 2371 animo

1185 2403 1334 2444 Timeo
1367 2402 1520 2443 infami
1557 2416 1733 2440 *mm*
1766 2400 1872 2441 tatis
1886 2398 1921 2456 ⁰)

1184 2515 1371 2558 Vsitatis
1406 2532 1425 2554 ῆι
1438 2532 1456 2554 *
1468 2532 1488 2554 *
1500 2532 1518 2554 »ιι
1531 2532 1550 2553 >01
1563 2531 1581 2553 *
1592 2514 1720 2556 nibus
1737 2512 1770 2569 7)

1183 2587 1319 2643 Vulgi
1352 2585 1427 2630 οἷο
1462 2603 1481 2625 *
1494 2603 1513 2625 *
1524 2603 1544 2625 ,κ
1555 2602 1575 2625 *
1608 2587 1756 2641 potest

1183 2659 1382 2701 Vicarias
1396 2657 1431 2716 s)
1466 2658 1685 2700 orationes
1697 2653 1732 2712 9)

1180 2730 1317 2786 Expfi
1348 2730 1593 2771 latinitates
1614 2725 1666 2783 ¹⁰)

2061 303 2099 330 35

2062 659 2098 683 40

2060 1015 2096 1040 45

2060 1372 2095 1398 50

2060 1769 2096 1794 55

2061 2127 2096 2152 60

2059 2523 2094 2548 65

292 2960 429 3003 scripta
459 2959 470 3002 11
503 2959 536 3002 6)
563 2969 626 2992 80oe
651 2957 792 2992 litteo-ae
819 2957 888 3001 7891ss
914 2967 989 2990 non
1010 2959 1210 3000 potuerunt
1241 2957 1252 3000 11
1292 2956 1324 2998 7)
1357 2965 1419 2989 sex
1445 2954 1585 2988 litterae
1612 2951 1682 2997 Ieyi
1707 2961 1781 2985 non
1801 2952 2004 2994 potuerunt
2027 2947 2040 2994 Η
2074 2995 2078 2999 Α

294 3020 328 3061 s)
355 3029 396 3052 as
421 3018 475 3052 νεῖ
500 3029 543 3051 us
563 3019 574 3061 ΙΙ
595 3018 630 3061 9)
657 3028 695 3050 cs
721 3017 775 3051 vel
801 3015 833 3050 is
853 3018 863 3060 Η
885 3016 942 3060 10)
967 3016 1030 3050 s'eae
1055 3016 1178 3050 ultimi
1204 3018 1287 3049 ante
1313 3013 1613 3058 subscriptionem
1635 3020 1758 3046 versus
1784 3009 1854 3054 leyi
1877 3018 1954 3043 ‘non
1972 3017 2039 3052 po-

294 3082 441 3112 tuerunt
465 3080 476 3122 ΙΙ

900 3154 1430 3173 ——<*00>—-—--

1167 3238 1177 3246 s

1151 3261 1202 3343 (A
