2221 3490
251 136 335 178 592

248 244 478 287 Baldiosus
511 243 695 285 effabilis

248 316 479 358 Botriones
512 313 665 356 latices

248 386 381 428 Broia
413 386 515 427 ulua
547 383 715 426 marina

248 457 527 499 Britanniaca
565 456 645 497 flos
679 455 752 510 qui
792 455 837 496 in
876 454 999 496 sinua
1030 469 1103 495 na-

308 528 443 571 scitur

251 599 428 641 Brunda
460 599 598 641 solida

250 670 392 713 Bucco
426 671 625 727 garrulus
654 669 768 724 quod
795 672 987 710 caeteros
1016 668 1102 710 oris

308 741 574 797 loquacitate
619 756 706 783 non
751 755 879 782 sensu
930 743 1103 795 superet

308 813 496 855 rusticus
530 813 689 854 stultus

247 885 465 926 Bombum
498 885 733 926 sorbellum

247 956 414 999 Bucula
446 970 607 1011 pascua

248 1027 482 1070 Bucinaria
513 1042 642 1069 uoces

200 1110 233 1135 10
251 1099 375 1141 Buda
405 1098 591 1140 historia

251 1170 374 1212 Buda
401 1172 657 1212 ornamenta
682 1169 847 1224 regalia
872 1168 941 1209 uel
970 1183 1104 1210 came-

308 1242 449 1284 lorum

249 1313 473 1355 Bana-dola
516 1312 654 1354 lectus
700 1312 814 1366 quod
859 1311 903 1352 in
947 1311 1102 1352 itinere

308 1384 456 1426 fertur.
507 1383 558 1425 In
591 1383 676 1425 alio
712 1382 852 1424 Gloss.
885 1382 1068 1424 Baniola

248 1456 459 1512 Bargines
492 1455 628 1497 fortes
660 1454 706 1495 in
737 1454 852 1495 bello

248 1528 475 1583 Biplicitas
509 1526 739 1581 duplicitas
774 1525 1059 1580 alterplicitas

199 1610 230 1634 15
247 1598 373 1640 Balio
408 1611 560 1639 manus
592 1597 738 1651 palma

249 1669 427 1711 Bullum
458 1668 662 1710 baculum
692 1668 881 1722 pastoris

248 1740 422 1796 Burgos
457 1742 598 1782 castra

248 1812 398 1868 Burga
431 1812 578 1854 cloaca

249 1884 484 1926 Bustantes
518 1883 774 1938 sepelientes

195 1968 228 1992 ‘20
248 1955 475 1997 Busticeta
507 1955 704 2009 sepulcra
737 1954 781 1995 in
817 1968 922 2010 agro

249 2027 410 2068 Butum
443 2026 660 2067 imbutum
692 2025 974 2066 imbuendum

248 2097 375 2139 Butis
421 2097 548 2139 stella
592 2099 779 2138 cometes
825 2111 932 2151 quae
978 2097 1100 2151 quasi

309 2183 454 2211 comas
486 2168 618 2210 habet

251 2240 376 2282 Batis
407 2253 567 2282 nomen
600 2239 812 2294 serpentis

249 2311 467 2353 Barbatus
500 2311 720 2365 operarius
752 2310 978 2352 intimidus

197 2395 230 2419 ‘25
251 2382 486 2424 Bassatum
519 2385 659 2423 terrae
690 2382 836 2424 hiatus

251 2453 439 2510 Bagario
473 2453 632 2494 orceoli
666 2467 801 2508 genus

251 2524 386 2566 Barto
420 2538 556 2580 genus
590 2524 741 2579 organi

252 2597 488 2638 Baccatum
523 2597 819 2651 margaretum

250 2667 542 2708 Barbustinus
562 2667 692 2707 homo
715 2666 788 2721 qui
809 2666 895 2707 fert
921 2667 1103 2708 barbam

309 2738 481 2793 plenam
511 2737 740 2792 prorisinis

199 2821 233 2845 30
252 2809 430 2851 Barciae
463 2808 637 2850 barbari

252 2879 368 2921 Billa
400 2881 642 2921 iumentum
675 2879 820 2921 asinus

253 2950 492 2992 Bimaritus
526 2950 683 2991 iterum
717 2951 899 2992 maritus

253 3020 404 3062 Biuira
436 3022 620 3063 secundo
655 3020 810 3063 coniux

254 3091 466 3133 Bibuscus
501 3108 668 3135 morsus
701 3093 938 3135 bestiarum

875 132 1087 168 GLOSSAE
1114 132 1367 168 SCALIGERI

1138 241 1265 284 Bifax
1298 242 1405 283 duos
1437 240 1602 282 habens
1635 240 1813 283 obtutus

1139 312 1335 354 Bitidum
1367 312 1550 354 informe

1140 382 1292 426 Biluus
1326 383 1503 425 morbus
1535 383 1774 424 bestiarum

1140 454 1257 496 Blini
1290 455 1394 497 tetri

1139 525 1351 567 Basilides
1379 526 1598 580 palatinus
1624 527 1755 568 homo
1783 524 1894 581 ἀνὴρ
1919 530 1995 579 τῆς

1199 597 1428 651 βασιλίδος
1459 598 1485 638 i.
1519 597 1569 639 de
1603 597 1702 639 aula
1733 596 1855 653 regia

1141 668 1452 724 Breuigerulus
1486 669 1559 723 qui
1592 669 1721 710 breue
1755 668 1869 724 gerit

1141 739 1366 781 Barcanda
1398 754 1530 781 conca
1563 755 1687 782 aerea

1141 810 1297 852 Biblex
1329 811 1485 866 duplex

1140 881 1292 924 Barria
1324 882 1475 938 regula
1506 896 1660 923 norma
1690 881 1864 924 rubrica

1140 953 1264 995 Bona
1285 954 1443 996 caduca
1465 953 1621 1008 quibus
1646 968 1772 994 nemo
1795 953 1996 994 succedat

1199 1024 1352 1066 haeres

1141 1095 1219 1137 Bri
1239 1129 1366 1137 .....
1400 1095 1451 1137 de
1483 1095 1661 1138 tesseris

1142 1166 1353 1208 Brasbrat
1387 1166 1567 1209 lucubro
1990 1221 1996 1226 .

1141 1237 1299 1280 Bucita
1330 1253 1491 1293 pascua
1523 1238 1597 1280 ubi
1633 1238 1800 1280 cientur
1832 1237 1966 1278 boues

1142 1309 1361 1351 Buuinare
1401 1310 1608 1366 sanguine
1642 1308 1868 1363 inquinare
1908 1321 1997 1348 mu-

2013 679 2048 704 40

2013 1102 2050 1128 45

1200 1380 1318 1424 lieris
1353 1383 1646 1424 menstruatae

1142 1453 1278 1495 Bubis
1310 1453 1447 1495 barba

1142 1524 1401 1566 Bustuarius
1441 1524 1514 1580 qui
1555 1538 1738 1578 corpora
1779 1522 1996 1565 comburit
2017 1531 2052 1557 50

1201 1597 1391 1638 humana

1142 1668 1376 1709 Barbarica
1410 1682 1540 1722 opera
1571 1667 1622 1707 de
1656 1680 1759 1707 auro

1141 1739 1412 1794 Baccapulus
1469 1738 1515 1780 in
1566 1753 1649 1793 quo
1708 1737 1872 1779 mortui
1927 1736 1999 1778 de—

1200 1810 1400 1853 feruntur

1140 1882 1303 1924 Bassus
1335 1881 1513 1938 pinguis
1548 1881 1706 1923 obesus

1140 1953 1354 1995 Basterna
1385 1955 1502 1995 tecta
1534 1950 1747 1994 manualis

1140 2025 1390 2067 Balastrum
1425 2024 1631 2065 balneum

1140 2096 1355 2138 Blenones
1387 2094 1528 2150 puditi
1558 2093 1774 2135 hircorius

1141 2167 1258 2208 Bene
1290 2167 1514 2222 linguatus
1549 2165 1756 2220 eloquens

1141 2237 1386 2280 Bestemiae
1419 2237 1571 2278 Troiae

1143 2309 1287 2350 Blitea
1319 2309 1456 2350 stulta

1143 2380 1357 2425 Bromosa
1389 2380 1612 2421 immunda

1142 2452 1361 2493 Bortanea
1393 2453 1506 2493 tecte
1539 2450 1753 2492 manualis

1142 2522 1432 2564 Bobinatores
1465 2521 1762 2564 inconstantes

1143 2593 1381 2635 Brumosus
1416 2607 1605 2635 annosus
1638 2592 1857 2634 resinosus

1141 2664 1365 2706 Brumalia
1397 2665 1591 2706 resinosa
1622 2663 1774 2718 pluuia

1141 2734 1306 2778 Buceta
1338 2750 1499 2790 pascua

1142 2806 1278 2848 Batus
1312 2821 1447 2862 genus
1478 2806 1639 2849 holeris

1144 2878 1373 2920 Bestiones
1406 2879 1563 2920 tiraces

1144 2950 1264 2991 Baen
1297 2952 1363 2990 est
1400 2948 1562 2990 lamina
1594 2948 1687 2990 auri
1723 2947 1778 2989 ab
1811 2961 1912 2989 aure
1944 2946 1998 2988 ad

2017 2029 2052 2056 55

2013 2391 2050 2416 60

2015 2745 2050 2771 (35

1204 3036 1351 3062 aurem
1373 3036 1457 3077 qua
1478 3019 1714 3062 familiares
1736 3032 1888 3074 regum
1906 3020 1998 3060 ute-

1202 3092 1370 3134 bantur.
1388 3090 1702 3133 Ornamentum
1713 3088 1815 3132 colli
1825 3104 1877 3131 ex
1891 3103 1996 3131 auro
