2257 3490
272 169 358 210 308

269 279 400 321 Liber
434 278 507 333 qui
538 281 667 320 natus
701 280 768 319 est

269 350 473 392 Libertus
507 349 581 404 qui
614 349 664 390 fit
716 372 718 374 v

268 422 437 463 Libella
469 420 804 463 etterreuntium
832 420 1129 462 diminumodo

268 493 401 535 Libra
434 496 476 534 et
509 506 578 534 1111
611 493 736 547 uncie
771 495 874 534 sunt

232 565 517 608 5Licentiosa
556 565 771 607 maiorum
810 564 999 619 mancipi
1039 564 1129 620 qui-

326 638 408 680 bus
442 638 581 679 multa
613 637 746 679 licent

268 709 489 752 Liberalia
521 710 611 751 dies
644 709 747 750 festi

267 781 594 823 Liniamentum
645 781 816 823 siducas
867 780 1128 823 indirectum

326 854 541 896 incalamo

267 925 569 981 Limphaticus
621 925 745 981 quasi
793 924 982 966 fanticus
1034 939 1129 966 exa-

328 1013 412 1054 qua

266 1070 498 1127 Lignicum
530 1085 581 1126 g.
615 1069 691 1112 ubi
723 1069 902 1125 ponitur
932 1069 1108 1111 lucerna

215 1150 247 1175 10
267 1141 389 1184 Litat
422 1142 639 1185 sacrificat

267 1214 419 1257 Lietur
451 1214 687 1269 paciscitur

266 1285 597 1328 Libramentum
629 1285 808 1327 libratio

265 1357 582 1414 Libripendens
610 1357 726 1413 quod
757 1356 917 1398 libram
950 1356 1127 1410 apendit

267 1429 376 1472 Lixa
408 1445 520 1486 aqua
553 1430 614 1472 sic
642 1429 756 1472 enim
784 1428 987 1470 dicebant
1014 1428 1125 1469 unde

326 1505 370 1544 et
401 1502 530 1544 lixari
563 1502 746 1545 dicimus

213 1582 245 1608 15
266 1573 531 1616 Liberalitas
553 1573 731 1616 donatio
754 1587 862 1629 quae
883 1573 934 1614 fit
955 1572 1126 1614 adiuiti-

327 1647 407 1688 bus
439 1646 537 1688 inde
571 1646 755 1687 dicimus

267 1717 482 1761 Liberalis
515 1720 582 1760 est
613 1718 692 1759 deo
726 1717 841 1773 quod
875 1717 1009 1758 donat

266 1790 531 1833 Licitaretur
573 1804 671 1831 cum
712 1789 938 1845 augmenti
985 1788 1126 1843 pretio

326 1862 540 1905 distrahet

266 1934 480 1977 Liberalis
518 1933 747 1976 munificus
786 1933 936 1989 iargus
976 1933 1021 1974 in
1057 1932 1128 1975 do-

326 2008 483 2050 mando

267 2079 416 2122 Libiae
452 2079 624 2122 affricae

216 2161 249 2185 20
268 2150 447 2194 Licitati
479 2151 555 2193 ubi
592 2151 695 2193 licet
732 2150 917 2192 uendere
954 2148 1126 2204 publice

328 2239 426 2266 cum
459 2226 694 2279 augmento

267 2295 461 2338 Liuitina
504 2295 715 2337 feretrum
727 2292 762 2352 1)
804 2294 966 2336 lectum
1012 2307 1125 2334 mor-

326 2371 502 2410 tuorum

266 2439 437 2495 Lyeuus
470 2440 620 2481 uinum
652 2438 841 2480 bachum
874 2452 949 2493 .g.

267 2511 456 2568 Ligones
491 2526 625 2567 genus
659 2511 762 2553 ferri

266 2582 421 2625 Libido
455 2584 617 2625 etbona
649 2586 716 2625 est
747 2586 791 2624 et
824 2582 938 2623 mala

214 2666 247 2691 25
268 2654 442 2697 Liridus
477 2689 483 2696 .
505 2690 512 2696 .
535 2670 584 2697 or

268 2726 426 2768 Libida
456 2760 465 2769 .
487 2761 494 2768 .
517 2762 524 2769 .
546 2760 554 2768 .
588 2726 721 2768 micta

268 2797 391 2839 Liere
426 2799 594 2840 macula
627 2798 821 2852 corporis

270 2869 404 2911 Liuur
436 2870 606 2912 macula
639 2870 833 2924 corporis

270 2940 379 2983 Lina
411 2956 463 2997 g.
496 2942 591 2984 rina

763 167 1074 203 GLOSSARTVM
1100 168 1242 203 AMPL.
1272 168 1537 203 SECVNDVM

1169 278 1340 320 Littera
1390 294 1466 320 seu
1515 278 1657 334 logias
1704 279 2026 322 benedictiones
2047 292 2082 317 30

1228 350 1477 392 litterarum

1170 420 1385 478 Litigium
1419 422 1664 465 conuicium

1169 493 1316 550 Logus
1349 494 1533 536 uerbum
1565 509 1641 536 seu
1674 509 1814 537 sermo

1169 565 1306 608 Lotus
1341 580 1476 622 genus
1510 566 1621 622 ligni
1691 553 1694 555 ⁵

1167 637 1370 694 Longeus
1403 638 1529 680 ualde
1564 653 1693 680 senex

1165 709 1352 752 Loetum
1385 725 1502 753 mors
2047 723 2081 748 35

1166 781 1293 824 Loeti
1326 782 1602 825 mortiferum

1166 853 1362 896 Loetifer
1395 855 1595 897 mortifer

1166 925 1319 983 Longo
1364 927 1599 969 interuallo
1646 942 1696 969 ex
1741 927 1874 983 longo
1920 931 2027 970 tem-

1225 1013 1329 1053 pore
1357 999 1431 1040 sed
1453 999 1587 1041 alocis
1614 1001 1805 1041 tractum
1825 1002 1892 1041 est
1911 999 2027 1042 inter

1226 1085 1398 1113 murum
1443 1073 1487 1112 et
1537 1070 1733 1125 positum
1783 1069 2025 1113 locum-in

1225 1142 1366 1184 medio
1399 1142 1678 1185 interuallum
1713 1141 1874 1184 dicitur
1912 1142 2026 1185 idest

1225 1214 1313 1256 iam
1333 1214 1599 1256 translatum
1621 1217 1687 1256 est
1708 1216 1751 1256 et
1772 1214 1826 1256 ad
1852 1217 2026 1270 tempus

1165 1285 1430 1328 Lomentum
1455 1286 1596 1328 farina
1622 1287 1724 1329 uiua
1749 1287 1952 1329 mulieres
1980 1287 2026 1328 in

1225 1358 1379 1400 faciem
1413 1359 1596 1401 mittunt

1165 1429 1313 1472 Lodex
1346 1445 1483 1486 genus
1517 1431 1612 1487 sagi
2045 1442 2080 1466 40

1166 1501 1506 1558 Longemultum
1539 1503 1664 1545 ualde
1698 1503 1825 1559 longe

1167 1573 1349 1629 Lutea2)
1382 1575 1505 1616 rufea

1166 1644 1334 1703 Lupass)
1368 1646 1573 1688 meretrix

1165 1718 1269 1760 Luit
1314 1719 1388 1760 dat
1438 1719 1558 1760 lauat
1603 1718 1768 1761 comisa
1811 1719 2026 1774 persoluit

1225 1790 1294 1831 uel
1329 1790 1577 1832 mortalitas

1166 1861 1345 1904 Lustrat
1376 1862 1652 1917 perambulat
1682 1865 1888 1918 peragrat

1165 1933 1354 1976 Luteum
1384 1934 1524 1977 crocei
1557 1934 1725 1976 colores

1166 2006 1376 2049 Lustrum
1409 2007 1617 2062 quinenni
1649 2007 1859 2062 temporis

1166 2079 1386 2122 Lucrones
1421 2078 1535 2121 auidi
1570 2077 1898 2134 deuoratores4)

1166 2151 1327 2193 Lustra
1359 2151 1520 2193 cubilia
1549 2150 1739 2192 ferarum

2045 1872 2081 1898 45

1164 2223 1311 2265 Luxus
1345 2223 1514 2264 luxoria
2044 2231 2078 2257 50

1165 2294 1350 2337 Luridus
1383 2294 1569 2350 pallidus

1165 2366 1423 2408 Lustratum
1457 2366 1689 2409 circuitum

1165 2437 1394 2493 Lupiraria
1426 2439 1633 2481 meretrix

1166 2510 1356 2566 Lusssus
1389 2510 1526 2552 frater
1558 2510 1707 2552 mariti

1166 2582 1305 2624 Lucer
1338 2583 1527 2638 uectigal
2042 2591 2077 2618 55

1166 2653 1308 2696 Lucur
1339 2654 1452 2696 idem
1485 2657 1552 2696 est

1165 2725 1308 2768 Lucus
1342 2726 1533 2768 densitas
1566 2726 1771 2768 arborum
1797 2726 1867 2768 uel
1899 2726 2019 2776 locus

1223 2813 1478 2841 nemorosus
1511 2798 1711 2853 incampo
1738 2798 1813 2840 ubi
1844 2798 2020 2840 arbores

1226 2869 1405 2911 inunum
1438 2872 1540 2911 sunt

1166 2940 1482 2983 Ludibitritum
1492 2940 1525 2997 ⁵)
1553 2942 1735 2984 dedecus

366 3108 400 3151 1)
429 3108 537 3152 prior
563 3118 582 3141 e
608 3117 723 3151 supra
748 3118 815 3142 scr.
855 3109 867 3152 ΙΙ
904 3110 941 3147 2)
973 3117 996 3140 a
1016 3116 1087 3152 pro
1112 3117 1176 3140 um
1202 3117 1293 3142 corr.
1321 3118 1366 3142 m.
1382 3109 1403 3141 1
1441 3108 1453 3151 ΙΙ
1490 3108 1525 3152 3)
1552 3118 1575 3142 a
1600 3117 1644 3142 ex
1671 3118 1715 3142 ea
1741 3117 1831 3141 corr.
1871 3108 1882 3151 ΙΙ
1918 3107 1955 3151 4)
1979 3117 2023 3140 ra

269 3178 444 3211 superscr.
478 3169 489 3212 ΙΙ
521 3171 555 3208 5)
582 3166 614 3200 it
634 3172 717 3211 post
743 3166 767 3200 b
794 3178 970 3212 super-Sor.
1004 3168 1016 3211 ΙΙ
