2216 3402
749 115 984 152 PLAOIDVS
1012 115 1197 151 comcis
1223 98 1436 152 PAmsmi

1883 119 1967 160 125

269 226 469 269 ueruium
490 260 498 268 .
520 227 566 269 in
587 243 660 270 eos
682 227 757 283 qui
776 230 925 283 preter
951 241 1072 282 spem
1111 225 1227 269 Odos
1249 260 1258 268 .
1278 227 1352 269 uia
1371 260 1381 270 .
1401 230 1478 284 gffi

270 299 459 355 contigit
480 333 487 340 .
510 299 674 356 aliquid
695 333 702 341 .
723 299 794 341 uel
828 298 1039 341 successit

208 369 440 413 ssOburbas
468 406 476 412 .
503 371 667 414 circum
703 371 845 414 cribes
873 405 880 412 .
907 371 1071 413 dictum

271 444 325 485 ab
369 444 522 486 arbore
563 443 637 499 qui
681 445 747 486 est
788 438 1072 485 incuruatura

270 516 407 557 aratri
428 548 437 557 .
457 516 527 557 uel
549 549 557 557 .
578 530 603 556 a
636 515 792 570 sulsssco
806 513 836 571 ¹)
871 514 1069 556 urbium.

271 587 346 643 qui
365 588 532 643 primus
549 590 695 629 aratro
717 587 1039 628 circumductus
1062 621 1069 628 .

268 662 449 715 propter
487 658 795 701 altitudinem.
818 673 966 700 murus
1000 674 1070 714 ap-

266 732 440 786 pelatur

206 801 529 845 *Obfirmatum
557 836 566 844 .
591 802 941 846 firmedecretum
963 838 971 845 .
999 803 1072 845 ob-

269 875 482 917 stinatum
504 909 512 916 .
532 890 585 916 ue

206 945 584 989 *Obstrudulenta
603 981 610 990 .
632 948 875 1003 adpetenda

205 1017 502 1075 *Oblegatum
524 1054 532 1062 .
549 1019 796 1062 iniunctum
818 1020 1071 1062 mandatum

170 1104 186 1128 5
206 1089 380 1133 *Obdet
401 1125 409 1133 .
431 1091 594 1134 obiciet
615 1125 623 1133 .
645 1092 847 1148 suggerit

154 1466 187 1490 10

159 2764 193 2790 20

207 1162 398 1206 Occasus
419 1197 429 1207 .
451 1165 620 1207 occisus

207 1235 376 1279 Occasu
396 1269 405 1279 .
430 1236 580 1278 subitu

207 1306 338 1350 Ocius
360 1342 368 1350 .
390 1308 519 1351 citius
541 1343 550 1351 .
570 1309 767 1352 uelocius

208 1379 451 1436 Ocipitium
472 1414 480 1423 .
502 1384 654 1424 uertex
688 1382 845 1437 capitis

209 1451 360 1494 Ociter
381 1487 389 1494 .
409 1453 623 1496 uelociter
644 1488 651 1496 .
673 1455 874 1497 celeriter

208 1523 401 1567 Ocistrio
423 1559 431 1567 .
450 1526 505 1582 ξι·
526 1560 534 1569 .
556 1530 623 1568 est
654 1527 699 1568 id
720 1560 728 1568 .
750 1527 1025 1569 tabernarius

209 1596 360 1640 Ocreis
382 1631 391 1639 .
413 1598 572 1653 quibus
606 1598 770 1642 milites
792 1633 801 1642 .
822 1599 944 1642 tibiis
977 1603 1072 1642 ute-

266 1670 429 1712 bantur
571 1727 578 1733 ἢ

209 1741 385 1786 Occulit
404 1777 411 1784 .
433 1758 513 1799 pro
547 1744 739 1786 occuluit
761 1778 768 1785 .
790 1747 833 1787 et
867 1745 1024 1787 clausit

209 1814 450 1857 Occursare
471 1849 479 1857 .
502 1815 647 1871 sepius
682 1831 907 1859 occurrere

210 1886 395 1929 Occulta
415 1922 422 1929 .
448 1888 663 1930 absconsa

207 1958 428 2002 *Occiduo
462 1960 624 2002 dicitur
650 1995 657 2001 .
686 1974 796 2017 gene
828 1960 1040 2004 feminino
1063 1996 1070 2004 .

266 2031 347 2074 hec
380 2032 547 2075 occidio
569 2066 576 2074 .
598 2033 771 2088 quando
806 2034 935 2076 multi
962 2034 1071 2077 occi-

268 2102 430 2146 duntur
450 2137 459 2147 .
479 2105 576 2160 ipsa
601 2120 670 2148 res
692 2105 859 2148 occidio
881 2106 1041 2148 dicitur
1062 2140 1070 2149 .

269 2179 313 2218 et
358 2177 514 2219 melius
560 2170 692 2233 quani
737 2178 898 2221 occisio
930 2213 938 2220 .
969 2179 1072 2234 quia

270 2249 507 2306 occidimus
535 2284 543 2292 .
569 2265 658 2292 non
694 2251 828 2294 occisi
855 2285 862 2293 .
889 2266 1073 2294 uernum

271 2323 338 2363 est
358 2355 365 2364 .
387 2322 535 2364 occido

210 2389 421 2435 *0006310
435 2426 445 2436 .
461 2394 616 2436 adrisit
631 2427 640 2436 .
656 2398 875 2451 oportuna
907 2411 951 2439 se
978 2412 1073 2452 pre-

270 2464 367 2507 buit
388 2499 397 2507 .
418 2467 488 2508 uel
522 2468 711 2510 secunda
743 2469 930 2511 succesit

211 2534 452 2580 *Occedere
474 2572 481 2580 .
504 2554 680 2582 occurre
702 2574 710 2581 .
731 2541 802 2582 uel
830 2541 976 2583 ouiam
1010 2557 1073 2584 ce-

270 2609 370 2652 dere
379 2608 413 2666 2)
530 2596 537 2602 ι

214 2680 304 2723 Ode
326 2714 335 2724 .
356 2682 499 2725 cantio
522 2716 531 2725 .
552 2686 630 2740 gffz

214 2751 352 2794 Odere
375 2787 383 2795 .
404 2754 602 2798 claudere

213 2822 334 2866 Odiis
355 2857 364 2866 .
383 2825 628 2870 inimicitiis

215 2894 335 2938 Odoe
358 2929 366 2938 .
386 2899 587 2941 cantores
608 2933 616 2942 .
637 2901 715 2956 gre

1110 297 1337 341 >&Odorifer
1358 333 1366 341 .
1387 300 1628 343 masculino
1661 314 1818 357 genere
1846 335 1853 342 .
1881 315 1969 342 non

1171 372 1413 413 odoriferus
1436 396 1442 403 ·
1465 373 1684 427 quomodo
1718 371 1863 414 letifer
1884 406 1891 413 .
1913 371 1969 413 fe-

1170 442 1335 485 minino
1364 443 1443 486 hec
1473 444 1689 486 odorifera
1710 477 1719 486 .
1739 444 1970 500 neutſj'rum

1167 514 1251 556 hoc
1283 514 1593 572 odoriferum-⁹²)

1110 585 1226 628 Odos
1248 620 1255 628 .
1279 587 1385 629 odor
1406 621 1413 629 .
1434 590 1484 629 ut
1505 588 1624 630 colos
1646 622 1655 630 .
1676 591 1720 631 et
1747 589 1876 631 arbos
1899 624 1906 631 .
1928 592 1971 630 et

1167 658 1294 700 labor

1110 729 1216 772 Odit
1248 765 1256 772 .
1290 731 1412 773 audit
1445 764 1454 772 .
1488 735 1538 774 ut
1569 732 1718 789 froger
1748 768 1755 776 .
1785 734 1934 791 fruges
1963 769 1970 776 .

1171 802 1348 845 claudus
1371 837 1379 845 .
1401 803 1579 846 claudus

1109 873 1405 917 ³³²Oecon0mia
1424 909 1433 917 .
1452 876 1497 917 id
1529 876 1625 931 ipsa
1651 877 1883 933 dispositio
1910 879 1972 920 rei

1171 947 1355 990 alicuius
1383 963 1465 1003 que
1493 948 1614 1003 prius
1642 950 1899 993 ordinatur.
1925 954 1974 992 ut

1170 1019 1420 1074 disponitur
1440 1054 1448 1062 .
1469 1021 1622 1063 domos
1644 1055 1652 1064 .
1674 1024 1718 1063 et
1752 1022 1813 1065 310
1842 1022 1974 1064 fabri-

1171 1094 1296 1134 catur
1323 1126 1331 1134 .
1359 1092 1420 1134 sic
1465 1095 1509 1134 et
1553 1108 1578 1135 a
1614 1094 1758 1149 poetis
1803 1095 1874 1137 uel
1920 1096 1972 1137 ab

1171 1164 1424 1206 auctoribus
1465 1198 1473 1206 .
1512 1167 1767 1208 oeconomia
1810 1197 1816 1206 .
1851 1168 1973 1222 prius

1173 1236 1399 1279 ordinatur
1421 1271 1428 1278 .
1450 1241 1494 1280 et
1527 1238 1588 1281 sic
1621 1238 1877 1281 discribitur
1896 1274 1904 1281 .
1926 1242 1975 1281 ut

1171 1312 1278 1364 puta
1299 1343 1307 1351 .
1329 1324 1382 1351 ne
1420 1310 1586 1353 lederet
1607 1345 1614 1352 .
1636 1311 1738 1353 iuno
1777 1311 1974 1367 perdido-

1170 1396 1270 1424 nem
1291 1381 1564 1425 troianorum
1590 1397 1740 1439 regem
1761 1417 1770 1426 .
1791 1383 1871 1426 hec
1892 1383 1973 1426 dis-

1170 1454 1332 1509 positio
1349 1488 1358 1497 .
1373 1455 1628 1497 oeconomia
1654 1455 1814 1498 dicitur
1829 1490 1837 1497 .
1854 1471 1974 1499 oeco-

1169 1526 1318 1569 nomia
1344 1559 1354 1568 .
1380 1526 1611 1582 dispositio
1654 1528 1723 1570 uel
1765 1529 1975 1583 premedi-

1170 1599 1282 1641 tatio
1304 1632 1313 1641 .
1332 1599 1400 1641 uel
1435 1600 1686 1655 preparatio

1111 1670 1306 1713 ssOenum
1327 1706 1334 1713 .
1356 1671 1508 1714 uinum

1111 1743 1293 1786 Oenotri
1314 1778 1323 1786 .
1343 1744 1463 1801 greci

1111 1814 1293 1858 Oenotri
1321 1851 1328 1858 .
1350 1816 1539 1859 cultores
1561 1852 1568 1859 .
1590 1817 1711 1860 italie
1743 1818 1875 1873 primi
1905 1822 1974 1860 tus
1996 1836 2030 1860 30

1169 1888 1275 1930 dicti
1296 1922 1304 1929 .
1326 1889 1441 1944 quod
1466 1890 1551 1945 ipsi
1578 1890 1710 1945 primi
1732 1925 1739 1932 .
1762 1890 1877 1932 uites
1905 1905 1973 1933 co-

1170 1960 1356 2004 luissent

1111 2031 1203 2075 Ofis
1225 2067 1234 2075 .
1255 2034 1434 2077 coluber

1111 2104 1350 2148 Offendidit
1371 2141 1378 2148 .
1398 2106 1625 2162 preterriti
1658 2111 1832 2164 tempus
1865 2112 1933 2151 est

1110 2176 1302 2220 Offendit
1333 2179 1496 2235 inpigit
1528 2182 1603 2221 aut
1635 2180 1738 2223 lesit

1113 2249 1263 2293 Officit
1295 2285 1303 2293 .
1336 2251 1488 2294 infecit
1511 2250 1528 2294 ’.
1565 2255 1641 2294 aut
1692 2253 1817 2296 obest
1857 2288 1865 2296 .
1903 2254 1975 2296 uel

1170 2326 1301 2366 nocet

1112 2394 1256 2438 Offula
1277 2430 1283 2438 .
1305 2411 1417 2452 pena
1437 2431 1445 2439 .
1466 2397 1536 2439 uel
1568 2399 1816 2454 persecutio

1111 2466 1237 2510 *Offa
1258 2503 1265 2510 .
1285 2468 1544 2512 latrantium
1578 2474 1646 2513 est
1667 2504 1676 2513 .
1698 2471 1820 2514 cuius
1853 2471 1975 2513 dimi-

1170 2539 1417 2598 nutiuum4)
1448 2574 1458 2584 .
1489 2542 1680 2585 offellam
1720 2543 1828 2586 facit
1858 2578 1865 2585 .
1895 2543 1976 2598 hec

1172 2612 1209 2655 si
1229 2646 1238 2655 .
1258 2612 1305 2655 in
1337 2614 1417 2656 hos
1451 2615 1736 2658 caniiaciatur

1110 2683 1408 2728 *Offuciarum
1441 2721 1449 2729 .
1481 2687 1706 2730 fallacium

1173 2773 1271 2799 rum
1290 2790 1300 2800 .
1322 2759 1375 2800 ad
1416 2759 1718 2815 decipiendum
1745 2793 1752 2801 .
1780 2759 1973 2815 speciose

1173 2833 1513 2885 conparatur-um
1534 2864 1542 2872 .
1564 2831 1729 2873 dictum
1774 2831 1829 2873 ab
1872 2832 1974 2875 offo·
1986 2843 2119 2881 f01‚10r

1173 2902 1308 2944 cando
1335 2902 1453 2957 quod
1481 2906 1549 2945 est
1580 2902 1735 2945 furtim
1762 2903 1974 2949 collocare
2143 2897 2149 2902 ⁵

1995 2414 2029 2440 35

1739 2721 1747 2730 .
1781 2691 1857 2729 aut
1912 2703 1975 2729 re—

310 3057 356 3107 1)'
378 3065 398 3097 1
425 3062 549 3100 littera
573 3075 680 3101 erasa
717 3068 728 3112 ΙΙ
765 3068 803 3112 2)
834 3066 966 3103 cedere
992 3079 1037 3105 eae
1063 3068 1152 3103 dare
1179 3079 1270 3104 corr.
1297 3071 1379 3103 m.1
1418 3068 1429 3113 Η
1467 3070 1503 3114 3)
1538 3067 1570 3103 ri
1596 3080 1675 3115 sup.
1704 3081 1771 3107 scr,
1810 3072 1822 3116 ΙΙ
1859 3072 1896 3118 4)
1921 3072 1973 3107 mi

215 3133 259 3157 eoe
284 3134 347 3157 mu
373 3134 465 3159 corr.
491 3125 504 3170 ΙΙ
