2221 3490
179 143 266 183 424

180 252 396 295 Paralisin
428 249 644 291 desolutio
679 247 875 290 oninium
908 261 1039 288 mem-

239 326 417 367 brorum

183 396 368 451 Crepido
402 409 426 436 a
460 393 674 449 crepando
709 391 867 434 dicitur

181 468 333 510 Altare
367 465 526 509 dicitur
554 464 669 520 quod
696 464 785 506 alta
811 478 878 505 res
905 463 946 504 id
977 465 1043 504 est

242 539 390 582 diuina
421 539 468 580 in
500 553 550 580 eo
584 538 731 594 agitur

182 613 302 655 Duas
331 625 514 654 coronas
548 622 617 652 -ΙΙ-
651 624 784 665 panes
818 610 1044 664 pertussos

242 684 407 726 similes
441 697 599 737 corone

147 770 162 794 5
185 756 371 798 Glebum
403 769 630 798 ascensum
665 751 900 809 singularis
934 751 1008 792 uia

180 829 478 870 Palestrarum
510 826 774 869 luctantium

183 900 357 943 Camisa
389 900 552 942 lineum

184 972 392 1028 Sincopin
425 972 610 1014 defectio
648 970 865 1013 stomachi

184 1045 410 1089 Calculum
461 1044 621 1086 dicitur
650 1042 905 1085 >infirmitas
958 1041 1046 1082 eius

245 1118 320 1173 qui
345 1133 433 1160 non
459 1119 608 1172 potest
635 1115 829 1171 mingere
854 1115 903 1168 (TS
935 1112 1047 1168 lapis

245 1190 432 1232 obdurat
463 1188 610 1231 uirilia

133 1277 167 1299 10
188 1262 399 1306 Colirium
417 1262 578 1304 dicitur
599 1261 739 1303 multa
759 1257 1049 1301 medicamina

245 1335 290 1376 in
321 1349 456 1377 unum
491 1333 674 1376 collecta

188 1407 370 1450 Sentina
415 1407 575 1448 dicitur
624 1406 700 1447 ubi
753 1404 890 1446 multe
939 1416 1048 1457 aque

245 1481 358 1522 fiunt
392 1479 571 1521 collecte
605 1478 650 1519 in
681 1476 785 1519 naui

190 1554 354 1608 Byssus
399 1552 445 1593 in
486 1554 602 1592 terra
646 1549 854 1591 affricana
894 1546 1051 1590 crescit

248 1625 293 1667 in
327 1623 519 1666 arbustis
552 1623 653 1664 lana
686 1621 786 1663 alba
819 1621 932 1662 sicut
964 1619 1039 1660 nix

190 1698 350 1740 Omnes
366 1696 456 1738 dies
476 1694 718 1750 septimane
742 1693 928 1735 sabbata
942 1691 1052 1733 dice-

248 1770 410 1811 bantur

190 1842 240 1884 In
278 1840 450 1897 pulpito
490 1839 535 1880 in
574 1838 711 1894 gradu
749 1837 825 1879 ubi
866 1837 1052 1879 lectores

249 1913 403 1969 legunt

140 1997 171 2022 15
194 1986 243 2027 In
276 1984 436 2027 diocesi
469 1984 514 2026 in
547 1981 778 2039 parrochia

193 2056 352 2100 Scinici
386 2057 479 2099 scin
510 2070 645 2098 nenas

196 2129 309 2171 Ante
343 2129 496 2171 absida
528 2130 627 2170 ante
663 2127 808 2169 sedem
842 2124 1035 2180 episcopi

193 2200 496 2243 Histrionibus
530 2201 782 2242 droccerum

194 2273 376 2315 Pitoicis
410 2271 678 2328 dispensatio
712 2284 952 2326 pauperum

140 2358 174 2382 ‘20
196 2345 576 2387 Xenodochiorum
625 2342 681 2400 (h
718 2341 936 2397 superscr.)
989 2356 1055 2382 su-

255 2417 421 2472 sceptio
454 2415 785 2472 peregrinorum

195 2489 302 2530 Alae
336 2503 472 2545 genus
505 2488 595 2530 ludi

197 2559 425 2615 Municipii
458 2560 682 2602 tributarii

199 2633 433 2675 Filacteria
485 2632 700 2687 scriptura
751 2629 924 2672 diuersa
975 2643 1057 2684 que

256 2707 437 2760 propter
469 2705 666 2746 infirmos
699 2702 920 2744 habantur

198 2776 279 2818 Per
299 2776 620 2832 pragmaticam
642 2775 827 2816 formam
848 2789 924 2829 per
943 2773 1058 2828 prin-

258 2848 416 2904 cipalia
449 2847 632 2903 imperia
663 2847 732 2888 uel
765 2846 945 2902 negotia

145 2932 178 2956 2³
199 2920 480 2962 Didascalum
514 2918 736 2961 doctorale

200 2991 366 3033 Insulas
401 2991 637 3048 dignitates

201 3063 413 3105 Elicitum
445 3063 678 3105 incitatum

202 3132 412 3189 Conpotis
446 3134 624 3189 inpletis

694 136 935 174 SPECIMEN
963 135 1149 171 CODICIS
1175 133 1429 170 LEIDENSIS

1080 245 1335 288 Catalocum
1370 244 1607 286 secundum
1638 257 1868 285 numerum

1081 316 1261 359 Scedule
1294 319 1412 359 carte

1082 388 1436 445 Adstipulatione
1471 387 1810 444 congregatione

1081 462 1253 518 Typum
1285 461 1559 503 inflationem

1083 534 1308 591 Olografia
1340 536 1484 576 totum
1517 532 1696 588 scriptio

1083 607 1370 650 Autenticum
1403 605 1626 648 auctorale

1084 697 1103 717 νε
1168 696 1188 718 >κ
1253 695 1275 718 *
1340 697 1360 717 >κ
1426 695 1444 715 *
1510 694 1530 716 »ε
1596 693 1615 715 >κ
1681 693 1701 714 20<

1220 750 1366 794 ITEM
1401 750 1481 792 DE
1516 747 1801 793 CASSIANO

1083 824 1332 880 Eregantur
1364 823 1601 879 loquantur

1085 896 1291 939 Adscitus
1324 895 1538 937 inuitatus

1086 967 1416 1011 Inextricabiles
1451 970 1678 1009 anatreteu

1087 1041 1379 1084 Vacillantem
1411 1039 1640 1096 fugantem

1087 1113 1275 1163 Questus
1310 1112 1560 1154 substantia

1086 1185 1380 1241 Flagitiorum
1413 1184 1728 1226 adulteriorum

1087 1257 1319 1300 Biothanti
1350 1256 1494 1312 laquei

1088 1330 1266 1387 inpegit
1298 1329 1438 1371 trudit

1088 1402 1270 1445 Dirimit
1302 1401 1459 1444 diuidit

1090 1474 1499 1530 Corpulentioribus
1533 1473 1821 1516 crassioribus

1092 1547 1298 1590 Gestiunt
1330 1546 1487 1588 uolunt

1091 1619 1342 1675 Frugalitas
1376 1617 1558 1673 penuria

1091 1690 1280 1734 Cassuae
1314 1689 1464 1732 ruinae

1091 1764 1252 1807 Fastus
1284 1762 1456 1805 inflatio
1491 1762 1558 1804 uel
1591 1761 1725 1803 tiinor

1090 1837 1223 1879 Iubar
1255 1835 1403 1877 lumen
1435 1833 1505 1876 uel
1540 1833 1744 1889 splendor

1092 1909 1250 1951 Manus
1283 1907 1414 1950 turba

1093 1981 1351 2036 Conpellare
1386 1979 1585 2021 fraudare

1090 2054 1294 2097 Inhibere
1327 2051 1560 2107 prohibere

1092 2123 1382 2180 Prerogatiua
1412 2122 1668 2165 excellentia

1093 2197 1310 2239 Abdicare
1345 2195 1515 2238 abicere

1094 2270 1307 2325 Leporem
1342 2268 1541 2310 decorem

1093 2340 1376 2384 Inmunitatis
1412 2339 1629 2381 castitatis

1095 2413 1305 2469 Expolita
1336 2412 1503 2454 famata

1094 2486 1292 2529 Indolem
1324 2484 1550 2540 ingenium
1582 2483 1825 2526 iuuentutis

1095 2559 1242 2601 Acron
1275 2557 1432 2600 ciuitas

1096 2631 1350 2673 Effeborum
1385 2628 1630 2670 studiorum

1097 2703 1130 2744 T
1135 2702 1297 2744 esbites
1332 2700 1511 2743 castella

1097 2774 1329 2816 Insolescit
1361 2771 1554 2814 unstilliv
1587 2771 1701 2828 (add.
1733 2785 1785 2812 m.
1805 2769 1849 2828 1)

1101 2846 1281 2888 Delecto
1314 2845 1405 2887 eius
1438 2842 1681 2899 legationes
1714 2843 1809 2885 eius

1102 2917 1274 2959 Adfecit
1308 2915 1489 2958 distam‘t

1099 2987 1313 3030 Pernities
1345 2987 1558 3030 uelocitas

1100 3059 1358 3103 Conciderat
1391 3059 1606 3101 acciderat

1099 3132 1277 3187 Perpeti
1308 3131 1480 3173 ueloces

1961 327 1996 352 30

1965 687 2001 713 35

1947 830 2009 866 fol.

1968 1063 2004 1087 40

1934 1417 1938 1420 ’
1971 1424 2005 1448 45

1974 1784 2008 1809 50

1957 1841 2020 1878 fol.

1977 2492 2012 2517 60

1979 2852 2014 2878 65

2024 833 2088 864 351¹

2038 1844 2099 1876 36ιΓ

2207 3217 2221 3288 522⁴-
2210 3139 2221 3194 -;*=
2212 3095 2219 3119 „v
2209 3056 2221 3068 2
2212 3024 2218 3030 ι
