2175 3428
243 124 326 166 172

238 233 453 276 Blenones
484 234 624 289 putidi
656 235 869 289 hyrcones

239 305 452 347 Blenones
484 305 625 360 putidi
657 308 731 348 aut
761 305 936 360 hyrcosi

238 377 450 418 Blenones
483 376 673 432 inpudici
705 376 919 431 hyrcones

237 447 413 489 Blesum
446 447 621 490 balbom
650 448 784 490 uerba
814 436 1090 504 frangentem

202 531 217 555 5
237 518 389 560 Blesus
422 519 578 561 balbus

235 590 390 632 Blesus
423 590 497 645 qui
529 590 662 632 uerba
693 590 858 646 frangit

235 660 388 702 Blesus
428 661 581 703 balbus
619 662 662 702 id
704 664 770 703 est
815 660 1087 717 inpeditioris

295 734 338 773 et
370 731 574 774 tardioris
606 731 753 789 lingue

234 802 381 844 Blicea
413 803 605 845 stultitia

234 873 376 915 Blitea
407 874 541 916 herba
573 875 741 930 saporis
775 875 946 916 euanidi

185 960 216 984 ιο
235 944 327 987 Boa
358 961 516 988 nomen
548 945 761 1000 serpentis

232 1015 381 1058 Boaba
413 1016 599 1059 channin
635 1017 895 1059 hebreorum
936 1018 1085 1073 lingua

292 1088 470 1130 octuber
502 1088 661 1130 mensis
695 1087 853 1131 dicitur
886 1086 963 1145 (Bt)

230 1158 392 1200 Boabit
424 1158 632 1201 clamabit

231 1229 408 1272 Boando
441 1230 717 1273 uociferando

230 1301 368 1343 Boare
402 1316 554 1344 sonare
588 1300 822 1359 sterpere1)

179 1386 208 1411 15
228 1371 367 1414 Boare
401 1372 586 1415 clamare
618 1374 688 1415 uel
721 1388 874 1416 sonare

227 1443 423 1485 Bocones
457 1445 582 1486 stulti
615 1445 767 1487 rustici

230 1515 521 1558 Boedromion
570 1515 886 1570 perintinorum
932 1517 1080 1573 lingua

287 1587 425 1628 maius
458 1587 618 1629 mensis
651 1586 810 1629 dicitur
843 1588 921 1643 (R)

226 1657 466 1700 Bestiarius
498 1661 681 1700 uenator
711 1659 949 1701 bestiarum

225 1728 410 1771 Bibebat
441 1729 667 1771 inhibebat
697 1730 967 1785 percipiebat

174 1815 206 1839 ρο
226 1800 385 1842 Bibera
415 1801 484 1843 bis
517 1805 643 1843 acuta

225 1871 363 1914 Bibex
395 1887 446 1914 ex
478 1872 603 1929 uirga
634 1873 765 1929 plaga

227 1942 357 1984 Bibix
388 1957 535 1999 pugna

224 2013 472 2069 Bibliopola
504 2015 578 2069 qui
610 2015 777 2057 codices
811 2016 960 2058 uindet

226 2084 497 2140 Bibliopolus
530 2089 656 2128 antea
687 2087 934 2129 nominatos
969 2102 1075 2142 quos

283 2171 396 2198 nunc
440 2156 642 2199 librarios
688 2157 869 2199 dicimus
914 2158 1075 2200 librum

283 2227 397 2269 enim
430 2228 546 2283 greci
579 2228 746 2270 biblum
779 2232 937 2271 uocant

171 2314 203 2338 ·.5
224 2297 557 2340 Bibliotecarius
585 2299 658 2354 qui
686 2300 853 2342 codices
880 2304 1076 2343 reccnsat

224 2367 378 2410 Bibola
439 2370 614 2424 papirus
678 2371 793 2412 dicta
849 2386 898 2413 eo
962 2373 1075 2426 quod

282 2440 505 2481 humorem
556 2441 678 2482 bibat
725 2442 903 2483 lucanus
949 2444 1075 2484 confi-

282 2511 394 2551 citur
426 2510 574 2552 bibola
608 2512 818 2553 mcmfidis
852 2517 971 2554 carta
1006 2529 1076 2567 pa-

283 2581 376 2634 piro

695 124 948 160 EXCERPTA
974 124 1038 160 Ex
1063 125 1206 161 LIBRO
1234 125 1521 162 GLOSSARVM

1128 235 1323 277 Biburna
1360 249 1495 291 genus
1534 238 1600 277 est
1636 235 1745 291 ligni
1783 235 1979 278 minutis-

1189 307 1287 348 simi

1129 378 1322 420 Biburna
1351 377 1536 420 humilia
1566 375 1808 434 uirgulta2)
1840 379 1885 420 et
1910 393 1978 435 ge-

1184 464 1285 491 nere
1329 452 1374 492 et
1422 450 1562 492 forma
1602 464 1627 490 a
1670 464 1874 504 cupresso
1917 465 1979 492 re-

1185 525 1304 564 mota

1126 593 1345 635 Biburnus
1379 607 1538 649 genera
1570 594 1671 634 sunt
1708 591 1976 648 uirgularum

1183 664 1415 706 humilium

1125 736 1279 791 Biceps
1312 735 1521 778 bibabitis
1998 754 2032 779 30

1124 807 1300 850 Bicerra
1332 806 1468 850 bestis
1502 805 1619 862 guffa

1123 879 1357 921 Biclinium
1396 877 1519 933 quasi
1565 877 1786 920 bicellium
1828 876 1872 919 id
1910 879 1976 919 est

1183 949 1289 992 duae
1324 949 1504 992 cellulae

1123 1021 1323 1063 Bidental
1358 1019 1619 1063 sacrificium

1122 1092 1330 1134 Bidentat
1360 1091 1471 1134 fodit

1122 1163 1325 1205 Bidentes
1347 1178 1448 1205 oues
1475 1163 1615 1205 bimas
1642 1162 1734 1204 sibe
1760 1177 1841 1217 que
1868 1162 1974 1205 duos
1993 1181 2028 1208 35

1181 1235 1331 1276 dentes
1362 1234 1526 1277 habent

1120 1306 1323 1348 Bidentes
1357 1321 1459 1348 oues
1498 1320 1580 1360 que
1611 1304 1657 1346 in
1694 1305 1860 1347 hostias
1900 1320 1973 1361 pa-

1180 1378 1282 1432 gani
1315 1377 1554 1419 offerebant
1580 1379 1846 1419 uocauerunt

1119 1449 1324 1491 Bidentes
1358 1463 1460 1491 oues
1493 1448 1647 1490 trimas

1118 1519 1314 1562 Bidentis
1341 1521 1482 1562 bimas
1509 1533 1611 1561 oues
1639 1519 1730 1562 siue
1757 1534 1839 1575 que
1863 1520 1970 1562 duos

1177 1592 1412 1633 mutauerit
1444 1591 1593 1633 dentes

1117 1662 1302 1704 Bidento
1334 1662 1452 1704 fodio

1116 1732 1264 1776 Bifera
1296 1734 1482 1776 secunda
1514 1733 1670 1775 coniux

1116 1805 1306 1847 Bifidum
1338 1805 1569 1847 biformem

1116 1876 1306 1918 Bifidum
1339 1877 1382 1917 in
1415 1876 1521 1918 duas
1553 1879 1699 1931 partes
1732 1878 1883 1920 fissum

1115 1946 1322 1989 Bifissum
1356 1947 1470 2003 quod
1502 1962 1632 2003 supra

1118 2018 1285 2060 Bifores
1319 2019 1510 2074 duplices
1541 2018 1694 2061 ianuae

1116 2088 1330 2130 Biformes
1370 2104 1451 2143 que
1490 2090 1596 2131 duas
1635 2089 1796 2133 formas
1834 2091 1967 2133 habu-
1985 2109 2021 2134 45

1174 2159 1286 2201 erint

1115 2231 1378 2287 Bigenerum
1399 2231 1591 2273 eduobus
1619 2231 1848 2287 generibus
1870 2248 1966 2276 con-

1175 2305 1347 2357 ceptum
1375 2317 1458 2357 quo
1487 2317 1531 2344 se
1558 2303 1772 2346 exercitus
1803 2304 1966 2360 recepit

1174 2374 1283 2415 unde
1324 2373 1449 2429 signa
1486 2374 1679 2430 receptui
1718 2390 1868 2418 canere
1907 2376 1966 2418 di-

1173 2446 1329 2486 cuntur

1114 2515 1328 2557 Bucinum
1361 2516 1540 2571 clangor
1572 2517 1726 2560 bucine

1114 2585 1336 2628 Buccones
1370 2587 1494 2629 stulti
1527 2588 1677 2631 rustici

1989 1753 2024 1778 40

320 2722 352 2762 1)
379 2732 468 2756 corr.
497 2726 537 2757 ut
562 2724 633 2757 vid.
662 2724 703 2757 in
728 2724 891 2768 strepere
922 2725 932 2769 ΙΙ
964 2726 1000 2768 2)
1031 2725 1048 2759 t
1071 2735 1098 2759 3.
1125 2736 1190 2760 scr.
1224 2727 1237 2770 ΙΙ

321 2855 349 2884 1.
378 2851 498 2895 puditi
519 2852 531 2895 ΙΙ
550 2856 581 2887 2.
609 2852 731 2897 pu‹liti
751 2855 762 2898 u
782 2856 813 2888 4.
840 2853 995 2888 balbum
1015 2856 1026 2899 ΙΙ
1046 2858 1077 2889 8.
1105 2854 1271 2889 stulticia
1291 2857 1302 2900 ΙΙ
1332 2860 1384 2891 11.
1412 2857 1701 2901 Βοαῦῥιορὴειῐιὶῃ
1724 2859 1729 2902 Ι
1775 2859 1927 2894 october
1950 2860 1962 2903 Η

226 2914 278 2943 18.
307 2911 464 2944 uenatur
486 2911 491 2957 l
514 2910 606 2957 uirg.
633 2913 708 2948 cod.
730 2913 816 2956 1123.
844 2913 981 2947 uendet
1005 2915 1016 2958 ΙΙ
1047 2917 1102 2948 24.
1131 2913 1361 2959 Bibliopolas
1390 2915 1395 2961 1
1430 2915 1642 2951 nominatas
1668 2919 1679 2961 ΙΙ
1710 2921 1765 2952 25.
1792 2920 1962 2954 recensat

222 2980 265 3002 m.
285 2973 321 3011 Ι,
355 2972 520 3005 recenset
552 2974 634 3006 m.3
677 2973 689 3015 ΙΙ
732 2975 787 3006 26.
820 2972 957 3007 Bibula
996 2975 1002 3015 Ι
1037 2977 1119 3017 post
1151 2973 1253 3008 dicta
1284 2986 1363 3019 sup.
1389 2986 1456 3010 scr.
1490 2978 1548 3010 est
1577 2980 1659 3011 m.3
1700 2977 1704 3022 Ι
1744 2976 1917 3012 memfitis
1950 2979 1960 3022 l

223 3029 278 3060 27.
306 3026 566 3062 minutissimis
603 3031 615 3072 11
652 3034 706 3065 28.
741 3031 778 3064 et
807 3033 951 3067 secund.
978 3044 1042 3067 om.
1082 3034 1093 3077 ΙΙ
1131 3038 1185 3067 30.
1215 3033 1390 3078 bicapitis
1427 3036 1439 3079 ΙΙ
1482 3038 1537 3069 35.
1565 3034 1710 3079 sibique
1753 3037 1765 3079 ΙΙ
1807 3038 1863 3071 37.
1898 3034 1958 3070 Bi—

225 3084 347 3119 dentis
367 3088 378 3130 ll
398 3090 452 3121 44.
480 3087 621 3123 Biforcs
648 3101 691 3124 ea·
716 3089 877 3125 Bifortes
904 3103 994 3127 corr.
1014 3093 1026 3136 ΙΙ
1046 3095 1100 3127 46.
1129 3091 1225 3126 unde
1252 3095 1289 3128 ct
1310 3095 1314 3137 Ι
1337 3095 1525 3138 receptum
1545 3096 1556 3139 ΙΙ
