2216 3402
206 1387 237 1410 10

253 112 310 153 52
774 110 1008 146 PLACIDVS
1035 110 1165 145 LIBRI
1191 109 1482 146 GLOSSARVM

254 220 482 264 Cantarios
516 235 649 276 equos
684 222 898 262 castratos
1150 220 1382 263 Carinatur
1453 217 1709 261 maledictus
1783 219 2008 261 conuictor

254 291 454 335 Calorem
477 289 648 335 ‘faciens
682 291 829 333 robori
863 291 946 333 erit
1210 290 1352 346 (Isisl.)
1971 281 1974 283 ’

255 363 413 419 Calpar
444 366 594 406 uinum
623 363 791 419 antiqui
821 363 883 404 ita
910 361 1111 406 dicebant
1150 361 1319 405 Cariosi
1347 363 1517 419 generis
1544 362 1718 405 suboles
1741 366 2007 406 ueterescen-

315 434 381 491 (cle
404 435 477 491 ql.)
1211 435 1268 476 tis
1296 433 1467 491 generis
1494 434 1573 476 filii
1596 438 1639 476 et
1660 435 1710 476 ad
1736 435 2010 490 putredinem

254 505 380 549 Calta
430 521 566 563 genus
618 507 835 562 quoddam
879 506 1000 549 floris
1043 507 1113 548 uel
1212 506 1435 562 redigendi
1487 505 1622 548 caries
1669 506 1785 547 enim
1833 506 2010 562 proprie

313 578 445 632 herbe
1211 578 1397 632 putredo
1423 578 1644 633 lignorum
1671 580 1738 619 est
1765 593 1847 633 que
1873 578 2011 620 isdem

255 648 476 692 Caltulum
496 651 650 707 unguli
678 665 813 707 genus
841 666 866 692 a
887 665 971 706 quo
999 653 1115 693 acto·
1213 649 1359 690 euenit
1396 649 1645 691 carentibus
1680 649 1892 691 uirtutem

313 722 407 764 loro
441 722 605 764 dictum
1153 718 1306 763 Carisa
1337 723 1464 763 uetus
1497 721 1596 763 lena
1627 721 1868 776 procallida
1899 721 2011 763 unde
2032 733 2067 758 20

256 793 446 835 Caluitio
479 809 624 836 meror
658 794 724 849 (de
750 792 825 850 ql.)
1215 795 1258 834 et
1290 793 1335 834 in
1367 792 1485 834 mino
1518 793 1695 835 fallaces
1729 793 1884 835 ancille
1916 794 2014 834 cata

255 863 454 907 Caluitur
486 866 724 907 frustratur
756 865 925 920 decepit
1215 863 1394 906 carisiae
1429 865 1764 920 appellabantur
1797 862 1941 921 (Isid.)

256 936 521 980 Chameleon
567 938 729 980 lacerta
769 952 850 992 que
893 937 1026 979 missa
1070 937 1115 979 in
1158 935 1269 978 Caro
1303 936 1418 977 enim
1451 936 1512 977 sic
1546 936 1774 977 scribimus
1807 950 1884 991 per
1916 950 1940 977 ο

315 1009 462 1064 ignem
494 1025 582 1051 non
616 1010 738 1051 ardet
1153 1006 1344 1050 Caruasa
1382 1007 1426 1048 id
1465 1010 1531 1049 est
1575 1007 1672 1049 uela
1708 1007 1834 1049 nauis
1871 1022 1948 1062 per
1985 1022 2014 1048 u

257 1078 443 1122 Camiris
495 1080 734 1122 introrsum
782 1080 1115 1135 respicientibus
1216 1079 1349 1121 scribi
1382 1081 1556 1133 oportet

321 1165 443 1193 croce
465 1151 575 1193 unde
597 1151 771 1194 camiris
794 1152 998 1194 cornibus
1020 1167 1117 1195 con·
1156 1148 1440 1192 Cassabundo
1473 1150 1685 1192 titubanti

317 1224 453 1265 traria
497 1224 649 1279 patula
694 1223 896 1266 dicuntur
941 1225 1115 1267 camiris
1156 1221 1467 1265 Cassabunduo
1510 1222 1782 1264 dubitantem
1824 1222 2015 1264 tituban-

317 1310 478 1338 cornua
510 1296 685 1337 fletibus
715 1295 902 1337 rotunda
1215 1297 1304 1336 tem

258 1367 490 1411 Camuram
524 1382 703 1409 curuam
735 1365 801 1424 (dc
828 1366 903 1424 ql.)
1159 1365 1413 1408 Cassantem
1451 1366 1700 1409 tardantem
1733 1369 1808 1408 aut
1847 1381 2016 1408 moran-
2035 1378 2070 1403 25

263 1439 419 1482 Cancri
453 1442 571 1482 estus
610 1440 765 1481 melius
799 1439 957 1481 dicitur
989 1455 1119 1495 quam
1217 1441 1305 1480 tem
1339 1441 1414 1480 aut
1447 1438 1717 1480 deserentem

260 1563 263 1565 .
318 1511 514 1553 cancrios
546 1511 815 1553 cancrarium
841 1514 967 1566 putet
995 1512 1118 1566 quasi
1159 1507 1291 1551 Gasse
1325 1519 1501 1564 erumne

317 1585 518 1638 putescat
548 1583 642 1638 ipse
679 1597 832 1625 cancer
1158 1580 1382 1624 Cassiculo
1416 1581 1599 1623 reticulo
1632 1579 1699 1638 (cle
1725 1581 1802 1637 9l.)

265 1654 456 1697 Cancros
491 1653 702 1696 cancellos
736 1652 896 1710 (de-ql.)
1160 1650 1306 1695 Gassis
1352 1656 1396 1694 et
1439 1652 1550 1694 retia
1595 1653 1754 1695 dicitur
1799 1656 1842 1695 et
1892 1653 2018 1709 galea

262 1725 416 1782 Capuli
448 1726 552 1768 lecti
584 1726 660 1768 ubi
692 1726 857 1768 mortui
883 1725 1122 1768 efferuntur
1220 1725 1376 1779 capitis
1404 1725 1478 1767 sed
1503 1725 1586 1766 hoc
1614 1724 1758 1766 differt
1779 1725 1880 1779 quia
1906 1725 2018 1767 retia

320 1796 387 1855 (cle
411 1796 484 1854 ql.)
1219 1797 1348 1838 huius
1400 1796 1535 1838 cassis
1585 1796 1692 1838 facit
1741 1796 1866 1852 galea
1914 1811 2018 1838 uero

266 1868 421 1925 Capuli
464 1869 565 1911 lecti
610 1869 814 1922 funebres
857 1870 1018 1925 anpogi
1062 1870 1122 1911 in·
1220 1868 1349 1910 huius
1383 1868 1564 1910 cassidis
1605 1868 1803 1926 quamuis
1843 1868 2017 1923 quidam

323 1942 500 1983 modum
521 1941 649 1983 arche
669 1941 875 1983 instructi
891 1944 957 1983 est
977 1944 1122 1984 autem
1220 1940 1540 1982 nominatiuum
1585 1940 1646 1982 sic
1691 1940 1892 1981 dixerunt
1938 1939 2017 1993 hec

323 2013 490 2068 capulis
524 2013 756 2056 masculini
790 2013 960 2068 generis
1221 2012 1389 2054 cassida

230 2104 244 2128 Γ-»
266 2083 629 2127 Cal-renatoribus
668 2085 846 2126 lanariis
890 2084 991 2140 quia
1036 2100 1123 2127 car·
1163 2082 1328 2125 Gasnar
1362 2098 1484 2125 senes
1519 2081 1585 2140 (de
1612 2081 1688 2140 91.)

328 2157 521 2199 carriunt
552 2156 596 2197 id
629 2159 695 2198 est
728 2157 928 2211 carpiunt
960 2158 1030 2198 uel
1065 2157 1122 2198 di-
1163 2153 1342 2198 Casnari
1405 2156 1497 2197 seni
1561 2156 1809 2198 osculorum
1868 2155 2020 2211 lingua
2038 2175 2073 2200 30

322 2229 472 2270 uident
1222 2225 1288 2284 (de
1311 2225 1385 2284 gyl.)

267 2300 467 2342 Carensis
506 2299 747 2354 pistoribus
782 2315 806 2341 a
838 2300 954 2341 caria
995 2315 1123 2355 quam
1162 2298 1402 2341 Castellum
1442 2302 1585 2341 castra
1625 2299 1765 2341 habeo
1807 2299 1920 2354 quod
1953 2301 2020 2340 est

327 2386 561 2425 osquorum
588 2371 740 2426 lingua
764 2386 920 2426 panem
945 2387 1037 2414 esse
1064 2372 1123 2413 di-
1222 2373 1413 2413 castrum
1453 2371 1711 2412 diminutiue
1749 2385 1909 2412 nomen
1949 2370 2018 2411 fir-

325 2443 466 2484 dimus
1221 2442 1360 2484 mabit

269 2514 528 2556 (lareofilum
595 2514 655 2556 sic
723 2514 952 2556 scribimus
1011 2516 1123 2570 quod
1163 2513 1299 2556 Casus
1333 2514 1585 2571 epedocleos
1613 2514 1837 2569 epedocles
1869 2513 2019 2569 phylo—

326 2587 459 2642 uulgo
493 2586 612 2627 aurio
646 2585 784 2627 fulum
819 2586 967 2628 dicunt
1163 2572 1168 2581 ¹
1223 2586 1341 2628 sofos
1357 2586 1658 2642 agrigentinus
1674 2588 1741 2627 est
1761 2585 1922 2628 siculus
1944 2585 2018 2640 qui

368 2743 398 2775 1.
427 2738 620 2774 Canterios
646 2740 657 2783 ΙΙ
690 2741 720 2773 7.
749 2737 890 2783 decipit
917 2739 929 2783 ss
962 2742 992 2773 9.
1021 2750 1125 2774 croce
1151 2751 1195 2774 m.
1213 2743 1244 2783 1,
1272 2750 1383 2774 curue
1408 2751 1453 2774 m.
1469 2742 1491 2774 4
1520 2742 1524 2782 Ι
1546 2738 1717 2774 flectibus
1742 2751 1787 2774 m.
1804 2742 1836 2783 1,
1862 2738 2019 2774 flexibus

268 2803 348 2834 md
387 2801 399 2844 ΙΙ
434 2803 486 2833 10.
522 2809 678 2833 curuum
716 2798 728 2842 ΙΙ
768 2801 822 2832 11.
851 2809 1003 2836 cancros
1033 2800 1037 2843 Ι
1075 2800 1268 2844 putrescat
1299 2801 1310 2844 ΙΙ
1343 2802 1396 2833 14.
1430 2798 1630 2833 masculini
1656 2809 1774 2845 genus
1806 2800 1817 2844 ΙΙ
1850 2801 1905 2834 15.
1938 2809 2017 2833 car-

269 2859 417 2893 cariunt
436 2860 447 2903 11
469 2862 523 2893 17.
551 2857 665 2903 uulgo
692 2856 914 2892 cariofalum
934 2860 945 2903 Η
967 2862 1020 2894 18,
1048 2858 1244 2892 Carinator
1263 2861 1274 2904 Η
1295 2862 1348 2894 21.
1377 2858 1475 2893 enim
1501 2871 1544 2893 ccc
1571 2870 1681 2893 enum
1707 2870 1798 2894 corr.
1818 2860 1830 2903 ΙΙ
1850 2861 1905 2893 22.
1933 2857 2018 2893 Car-

268 2930 361 2952 uasa
395 2931 436 2969 m:
462 2923 491 2962 1,
531 2917 697 2952 Carbasa
735 2930 777 2950 m.
801 2919 823 2950 3
866 2918 878 2962 ΙΙ
922 2921 977 2952 23.
1010 2916 1210 2952 titubando
1250 2930 1266 2953 c
1298 2921 1497 2953 cor¹1·.m.3
1541 2920 1552 2963 ΙΙ
1595 2922 1650 2952 24.
1685 2917 1970 2952 (lassabundum
2007 2918 2018 2963 ᾗῇ

269 2981 324 3011 26.
343 2977 454 3012 Casse
476 2987 678 3011 cui-umnae
698 2977 709 3020 ΙΙ
729 2979 785 3010 27.
809 2975 999 3011 Cas-siculo
1020 2978 1151 3028 myas.
1179 2990 1222 3012 m.
1241 2981 1261 3011 4
1281 2980 1292 3021 Η
1312 2981 1367 3012 28.
1395 2976 1505 3011 huius
1526 2977 1622 3012 casis
1648 2989 1692 3012 m.
1710 2981 1742 3022 1,
1769 2976 1878 3010 huius
1900 2975 2017 3010 cassis

268 3040 350 3071 m3
386 3037 389 3082 Ι
425 3037 548 3081 gallea
587 3039 598 3081 Η
636 3039 691 3070 31.
726 3036 886 3069 castrum
922 3036 1083 3071 diminut
1114 3047 1249 3071 nomen
1282 3036 1434 3071 firnauit
1462 3038 1501 3071 in
1529 3049 1599 3071 ras.
1629 3039 1710 3072 ΜΛ
1748 3037 1759 3080 ΙΙ
1803 3034 2016 3080 3213115110-

270 3095 406 3140 sophus
438 3098 449 3139 ΙΙ

2197 2814 2216 3402 i-..fflmmm-n———n———m-s...
2210 2767 2216 2794 Α,
2203 2722 2216 2735 ιι
2212 2686 2216 2699 Α.
