2216 3402
743 109 977 144 PLACIDVS
1003 110 1133 144 LIBRI
1159 109 1449 146 GLOSSARVM

222 217 451 259 Deiurium
512 217 812 260 iusiurandum
875 217 1080 273 circum¹)

281 289 423 331 iurare
874 292 882 297 '

222 360 453 402 Delibatus
485 364 642 408 unctus
676 363 927 404 contractus

221 431 478 474 Delibutum
505 433 688 475 dicimus
715 433 830 474 enim
858 432 1079 474 hominem

282 507 460 546 unctum
507 505 602 547 oleo
647 507 697 545 ut
745 504 886 558 adlete
939 505 1083 546 solent

281 575 352 617 uel
390 576 436 617 in
469 578 686 617 creumate
729 575 852 630 pueri
885 590 1081 617 exercere

282 647 465 689 dicimus
499 650 542 689 et
574 647 816 689 delibutum
848 647 1006 703 gaudio
1039 646 1082 687 id

283 722 349 760 est
380 718 604 773 perfusum
635 719 707 761 uel
738 720 915 774 plenum

223 789 477 832 Delibuitur
509 790 717 847 anguitur
748 793 971 847 unguento

187 861 465 904 5Delicuisse
509 863 555 904 in
598 863 789 905 locorem
834 865 877 905 et
926 862 972 904 in
1017 862 1083 903 de-

283 934 446 976 fectum
481 948 738 977 conuersum
774 949 867 977 esse

223 1005 478 1048 Delicauere
497 1006 662 1049 deferre
684 1007 798 1063 quod
825 1009 868 1048 et
889 1006 1083 1048 dedicare

283 1078 484 1120 dicebant
515 1093 594 1134 pro
629 1078 885 1121 commertio
918 1078 1082 1119 littera-

284 1165 382 1192 rum

224 1221 440 1277 Delioqua
450 1222 571 1264 locus
586 1223 814 1278 depressus
826 1236 960 1277 prope
974 1221 1084 1263 cloa-

283 1309 378 1336 cam
396 1295 632 1336 maximam
645 1295 721 1336 ubi
738 1294 1084 1349 adpropinquan-

281 1365 399 1407 tibus
422 1366 552 1422 gallis
574 1381 696 1408 sacra
711 1366 895 1421 quedam
915 1366 1083 1407 romani

280 1438 378 1480 loca
410 1438 582 1481 occulta
613 1437 870 1480 defoderunt
903 1436 1022 1493 (Cic.)

224 1509 411 1565 Deliquo
446 1509 611 1552 obliuio
645 1508 711 1564 (de
735 1510 808 1565 ιᾳῑ.)

221 1580 382 1623 13011311
415 1581 626 1624 (1010110111
658 1581 956 1636 inquinauerit

168 1666 202 1690 10
222 1652 507 1710 Demulganti
522 1652 787 1709 defringenti
802 1653 872 1695 uel
894 1653 974 1695 sub
992 1653 1083 1709 igni

222 1724 410 1767 Demum
443 1726 575 1767 tunde
608 1725 757 1780 inceps

221 1797 437 1840 Demusso
471 1798 622 1839 dubito
651 1797 880 1839 dissimulo

221 1868 387 1911 Denixe

222 1941 462 1998 Depegisse
508 1941 733 1983 deflexisse
779 1956 804 1982 a
853 1941 1083 1997 pangendo

283 2013 448 2056 dictum
470 2014 592 2056 uelut
611 2013 903 2068 transsegisse
924 2028 949 2054 a
969 2012 1082 2067 paci-

282 2086 440 2128 scendo

170 2169 203 2194 15
222 2155 533 2212 Depelliculari
591 2158 787 2213 decipere
844 2157 1008 2199 dictum
1060 2172 1085 2198 a

281 2229 540 2284 pelliciendo

224 2300 414 2356 Depellit
448 2301 608 2356 proicit

222 2371 406 2428 Deperis
439 2374 636 2429 perditur
668 2389 788 2416 amas

222 2443 406 2500 Deperit
431 2437 663 2488 inhonesto
685 2461 832 2488 amore
860 2449 1011 2488 stuans
1039 2447 1084 2488 in

282 2517 454 2559 lecebra
485 2517 693 2560 renititur
724 2517 790 2574 (de
818 2517 891 2575 ql.)

321 2672 355 2717 1)
386 2683 431 2707 m.
449 2675 473 2707 9
499 2682 590 2708 corr.
619 2673 761 2707 certum
792 2674 804 2718 ΙΙ

1919 112 1972 151 61

1119 219 1336 274 Deportat
1393 219 1609 274 despoliat
1663 219 1852 260 detrahit
1904 221 1977 261 sed

1179 291 1353 346 proprie
1375 291 1428 332 ad
1447 305 1606 345 purum
1624 290 1783 346 redigit
1798 306 1848 332 ex
1868 306 1977 346 puro

1179 362 1343 404 clarum
1364 362 1625 418 accipiemus
1641 378 1691 404 ex
1707 363 1824 404 claro
1846 364 1980 405 mani-

1177 433 1340 475 festum
1373 431 1518 490 (Isid.)

1120 503 1495 559 Depudescentem
1527 506 1808 561 inpudentem
1999 518 2034 542 20

1120 574 1415 631 Dereliquerit
1466 577 1612 620 futuro
1664 578 1756 621 sine
1806 594 1834 620 11
1879 578 1979 620 scri-

1180 647 1323 690 bimus

1121 718 1363 774 Derepente
1396 721 1542 763 subito

1120 790 1332 847 Derupsit
1364 793 1569 847 dispersit

1120 861 1512 918 Despiscentesunt
1545 865 1619 919 qui
1652 865 1794 908 minus
1828 882 1979 922 sapere

1181 934 1397 990 incipiunt
1444 950 1573 990 quam
1620 938 1732 992 quod
1779 939 1979 981 solebant

1182 1005 1300 1062 (Cic.)

1122 1078 1334 1121 Destricti
1362 1094 1484 1122 enses
1513 1080 1718 1137 euaginat
1750 1081 1793 1122 id
1820 1086 1886 1124 est
1913 1083 1979 1124 de-
2000 1092 2034 1117 25

1181 1151 1341 1207 uagina
1374 1152 1516 1194 educti
1553 1150 1675 1209 (Cic.)

1122 1222 1372 1266 Destrictus
1418 1224 1509 1266 sine
1547 1240 1576 1266 n
1621 1226 1854 1268 scribimus
1894 1242 1982 1269 non

1183 1295 1448 1337 destrinctus
1476 1299 1543 1337 est
1575 1299 1722 1339 autem
1748 1298 1981 1341 destrictus

1182 1369 1377 1408 attentus
1409 1368 1479 1410 uel
1514 1383 1690 1411 seuerus
1717 1385 1767 1412 ac
1797 1384 1885 1412 non
1919 1386 1983 1413 30-

1181 1438 1301 1480 lutus
1336 1442 1379 1480 et
1410 1440 1520 1482 lenis
1547 1440 1772 1497 destringo
1801 1443 1983 1485 uerbum

1183 1513 1250 1552 est
1301 1511 1493 1553 actiuum
1544 1513 1825 1568 participium
1877 1514 1984 1557 facit

1184 1582 1458 1639 destringens
1517 1584 1805 1628 destricturus
1861 1602 1981 1641 apas-

1185 1654 1279 1696 sibo
1351 1655 1585 1698 destrictus
1650 1657 1982 1715 destringendus

1186 1724 1309 1782 (Cic.)

1123 1796 1444 1841 Desuadescere
1478 1801 1711 1843 desuadere
1744 1801 1787 1843 id
1817 1805 1883 1844 est
1916 1803 1983 1844 de-

1183 1885 1343 1925 ponere
1379 1872 1532 1914 sudore
1566 1871 1691 1930 (Cic.)
1770 1859 1780 1873 ’

1123 1941 1394 1984 Desudatum

1189 2013 1312 2070 (Cic.)

1122 2085 1195 2127 Dii
1235 2087 1372 2141 aquili
1405 2088 1463 2129 dii
1502 2089 1628 2131 inferi
1669 2089 1838 2145 aquilos
1875 2091 1982 2133 anti-

1183 2158 1256 2214 qui
1288 2159 1439 2215 nigros
1473 2161 1675 2203 dicebant

1125 2230 1228 2272 Dice
1259 2231 1401 2273 dicam
1433 2231 1585 2289 (Dicas
1619 2236 1662 2275 et
1694 2233 1835 2276 dicam
1862 2250 1981 2277 accu-
2002 2247 2036 2272 30

1182 2303 1265 2345 siui
1299 2304 1371 2345 cas
1409 2305 1622 2348 dictiones
1655 2305 1890 2348 dictionem
1930 2307 1982 2349 si—

1182 2376 1364 2431 gnificat
1397 2379 1440 2417 et
1473 2380 1601 2419 sonat
1632 2392 1732 2419 corr.
1766 2393 1819 2424 m,
1845 2379 1951 2434 alia)

1122 2446 1288 2489 Didicit
1314 2447 1520 2503 dispersit
1547 2449 1802 2506 deuulgauit
1828 2453 1877 2492 ut
1907 2454 1982 2492 tua

1183 2519 1313 2561 terris
1347 2520 1465 2562 dedit
1497 2521 1615 2563 fama
1647 2520 1750 2578 (Cic.
1783 2521 1899 2578 m.2)

1472 1945 1627 1986 sudore
1710 1948 1982 1988 transactum

322 2806 352 2838 1.
380 2804 521 2837 certum
547 2805 559 2849 ΙΙ
591 2808 621 2838 -2,
650 2805 845 2839 contactus
871 2806 882 2850 ΙΙ
914 2809 945 2841 3.
973 2805 1059 2841 (1010
1082 2807 1087 2852 Ι
1110 2806 1291 2852 gaudium
1316 2808 1328 2851 ΙΙ
1353 2811 1384 2842 4.
1413 2807 1620 2853 unguento]
1649 2807 1828 2853 unguitur
1847 2810 1858 2854 ΙΙ
1884 2812 1915 2845 5.
1942 2808 1981 2844 in

224 2861 377 2896 licorem
408 2864 420 2907 ΙΙ
453 2866 484 2898 6.
512 2862 736 2908 Deligauere
759 2866 763 2907 Ι
792 2865 1014 2900 commercio
1047 2867 1058 2910 ΙΙ
1091 2871 1122 2901 7.
1151 2877 1303 2900 coactam
1337 2866 1382 2900 de
1409 2866 1458 2912 gl.
1486 2867 1562 2901 cod.
1592 2868 1603 2912 ΙΙ
1630 2870 1660 2901 9.
1688 2866 1945 2912 inquinaberit
1974 2872 1978 2916 Ι

224 2920 330 2956 cicer.
359 2923 435 2957 cod.
468 2924 480 2967 ΙΙ
512 2925 566 2958 13.
593 2923 736 2959 130111Χο
763 2924 870 2960 enixe
889 2927 900 2970 ΙΙ
922 2929 976 2961 17.
1004 2926 1149 2971 perdite
1169 2928 1180 2971 Η
1203 2929 1256 2961 18.
1285 2927 1461 2960 aestuans
1482 2927 1493 2971 ΙΙ
1524 2929 1577 2960 19.
1605 2925 1752 2973 rediget
1771 2930 1781 2973 ΙΙ
1807 2932 1863 2964 21.
1892 2929 1980 2963 scri-

224 2980 328 3015 bitur
363 2983 374 3026 11
412 2985 468 3016 23.
496 2981 686 3028 Disrupsit
722 2986 734 3028 ΙΙ
771 2988 826 3019 24.
854 2984 1132 3031 Desipiscentes
1160 2987 1246 3019 sunt
1282 2986 1294 3030 ss
1331 2989 1387 3020 26.
1416 2984 1576 3030 scriptus
1608 2987 1613 3030 Ι
1648 2986 1850 3023 destrictus
1879 2991 1883 3033 Ι
1919 2989 1980 3023 de-

225 3040 422 3076 stricturus
448 3052 492 3077 ex
518 3041 764 3078 destricturur
788 3055 880 3080 corr.
907 3047 918 3089 ΙΙ
949 3048 1005 3080 27.
1034 3045 1206 3079 sudorem
1233 3046 1244 3089 ΙΙ
1276 3048 1332 3079 29.
1359 3044 1420 3079 Dii
1449 3045 1552 3089 aquil
1580 3047 1592 3091 fl
1624 3049 1679 3081 30.
1705 3048 1851 3084 inclusa
1876 3060 1943 3085 om.

225 3103 280 3135 31.
310 3099 525 3145 diuulgauit
547 3101 552 3148 Ι
573 3101 663 3136 terri
686 3102 691 3149 1
713 3103 760 3138 de
787 3103 836 3149 gl.
864 3105 939 3140 cod.
967 3107 978 3150 ΙΙ
