2175 3428
240 132 323 174 178

238 242 435 298 Cespitat
468 241 646 284 offendit

211 313 391 359 Δ003103
425 316 577 356 cestus·
595 316 661 355 est
694 313 860 355 corium
887 327 972 368 quo
1007 328 1092 354 ma-

294 402 374 428 nus
421 401 519 427 suas
563 385 718 441 pugles
764 387 905 426 armat
949 387 992 426 et
1032 385 1092 426 111-

294 458 433 500 uicem
466 457 624 500 cedunt

236 528 385 571 Ciacin
412 529 717 586 aegypitorum
741 528 892 585 lingua
917 543 1091 570 nouem-

230 623 234 626 ·
294 601 372 643 ber
404 601 564 643 mensis
597 601 756 643 dicitur

235 672 434 728 Ciclopes
474 673 664 715 semiferi
702 672 901 714 homines
936 672 1009 726 qui
1047 671 1093 712 in

295 745 466 787 sichilia
503 745 548 787 in
593 745 725 787 ethna
768 746 916 786 monte
958 743 1092 785 fuisse

294 817 548 872 peribentur
574 817 647 872 qui
672 816 874 858 humanis
903 815 1090 870 corpori-

293 890 374 932 bus
396 892 658 931 consuerant
678 889 796 931 uesci
813 891 862 930 ut
881 890 1012 943 poeta
1030 887 1091 928 ait

198 977 213 1003 5
236 960 456 1004 Ciddarim
501 963 628 1003 antea
679 960 954 1002 sacerdotum
998 962 1092 1000 erat

295 1034 409 1089 quod
443 1048 467 1074 a
497 1032 715 1088 plerisque
747 1032 879 1073 mitra
911 1033 1092 1073 uocatur

295 1106 551 1147 ornamenta
613 1103 768 1158 capitis
830 1103 1089 1144 feminarum

294 1176 492 1218 diadema
528 1176 725 1217 nimbum
771 1174 1010 1230 capitulum
1049 1176 1092 1215 et

293 1248 425 1290 mitra

234 1319 420 1363 Cidones
464 1334 699 1375 puerorum
743 1321 961 1361 amatores
1007 1317 1090 1359 uir-

293 1392 425 1448 gilius
470 1392 591 1433 iuxta
637 1405 807 1446 quoque
855 1390 1089 1432 flabentem

292 1463 482 1519 primula
519 1463 680 1519 nugine
715 1462 850 1504 malas
883 1463 985 1504 dum
1027 1477 1089 1503 se-

293 1536 436 1591 queris
453 1535 605 1577 citium
625 1533 775 1575 infelix
795 1534 911 1576 noba
931 1533 1089 1589 gaudia

292 1608 432 1663 cydon
464 1604 624 1665 (Via-9.)

232 1679 398 1736 Cigneo
432 1678 613 1721 candido

231 1751 445 1807 Oigneum
477 1750 623 1792 aluum

231 1822 360 1879 Cigni
390 1825 544 1878 poetae

181 1914 213 1937 10
233 1893 406 1937 Cillaris
440 1908 576 1948 equus
608 1893 794 1948 pollucis

231 1964 466 2020 Cilipsidra
496 1979 573 2006 uas
607 1965 834 2019 aquarium
865 1979 950 2020 qua
981 1936 1088 2006 iudi-

291 2051 361 2078 ces
398 2036 562 2078 habent
599 2051 678 2090 pro
718 2051 815 2099 oras
851 2039 1087 2079 nocturnas

290 2107 530 2149 metiendas

231 2178 343 2220 01110
388 2179 500 2220 unde
550 2179 663 2221 fabri
713 2179 979 2221 ferramenta
1028 2179 1088 2220 in-

291 2251 440 2294 eidunt

231 2322 416 2377 Oymbia
441 2322 697 2377 poculorum
720 2325 822 2364 sunt
848 2336 1009 2378 genera
1035 2337 1085 2364 ex

291 2393 448 2449 quibus
471 2394 643 2449 cymbia
668 2395 826 2449 pocula
845 2393 961 2435 dicta
985 2397 1086 2435 sunt

290 2481 341 2507 ex
374 2465 657 2507 similitudine
691 2466 844 2508 cumbe
876 2466 1001 2507 nauis

230 2537 398 2593 Cymon
431 2537 636 2579 ciminum

326 2693 360 2733 1)
394 2691 494 2725 idem
520 2689 620 2725 omni
646 2690 758 2725 moda
784 2691 868 2726 add.
895 2702 939 2726 m.
955 2694 980 2727 2
1007 2692 1018 2736 ΙΙ

324 2825 356 2856 2.
384 2833 455 2866 que
480 2824 491 2867 [Ι
516 2826 547 2856 3.
576 2821 690 2857 010011
712 2825 717 2866 l
741 2823 987 2868 aegyptorum
1013 2823 1024 2867 Η

1105 2249 1300 2294 ‘Circum
1331 2251 1523 2306 inspexit
1555 2251 1599 2293 in
1633 2250 1802 2294 ambitu
1833 2251 1945 2294 uidit

696 130 952 167 EXCERPTA
977 131 1042 166 EX
1066 130 1210 167 LIBRO
1238 130 1528 167 GLOSSARVM

1132 241 1319 284 Cinuath
1382 256 1581 297 syrorum
1644 241 1794 298 lingua
1855 242 1984 285 iulius
2006 254 2038 279 15

1190 313 1350 355 mensis
1384 313 1543 355 dicitur
1574 311 1766 370 (Euceri)

1131 384 1331 428 Cincinni
1388 385 1535 441 capilli
1591 385 1879 441 dependentes
1934 385 1984 426 de

1190 456 1332 512 capite
1364 456 1597 499 mulierum

1130 528 1416 571 Cincinnosus
1468 530 1537 572 cui
1591 529 1738 585 capilli
1791 528 1986 584 pendunt

1190 601 1322 656 crispi

1132 672 1337 715 Cinereus
1370 672 1496 715 dosin
1529 687 1663 728 equus

1132 744 1330 787 Cinomia
1357 759 1505 787 musca
1532 744 1700 786 minuta
1725 744 1840 786 idem
1867 743 1986 786 010111

1188 816 1358 873 moda¹)
1386 871 1388 873 ‚

1130 888 1300 931 01111103
1332 893 1371 939 Β(
1404 888 1612 945 uergilius
1652 904 1750 931 cum
1786 903 1986 930 canerem
2008 901 2040 925 20

1188 974 1313 1016 reges
1359 963 1403 1002 et
1446 960 1610 1015 praelia
1655 959 1784 1002 citius
1835 975 1986 1001 auram

1188 1032 1315 1074 bellit
1352 1031 1498 1086 (Isia.)

1131 1102 1301 1146 Ointius
1336 1105 1487 1145 auctor
1519 1102 1678 1145 trohiie
1711 1103 1913 1160 uirgilius
1943 1106 1987 1145 et

1189 1175 1318 1218 troiie
1352 1175 1535 1218 cinctius
1568 1178 1722 1218 auctor
1754 1173 1895 1232 (Isid.)

1131 1245 1295 1289 0111003
1327 1246 1557 1289 torcicoris

1128 1317 1219 1374 Oyo
1253 1332 1362 1360 uoco
1402 1317 1621 1359 interdum
1653 1319 1696 1359 et
1731 1333 1811 1374 pro
1845 1318 1985 1361 clamo

1186 1393 1235 1432 ut
1274 1390 1310 1432 si
1344 1390 1486 1432 dicam
1519 1404 1645 1431 omne
1684 1389 1875 1432 sciebam
1911 1405 1985 1432 eos

1187 1460 1330 1519 (Isid.)

1128 1533 1254 1576 Circa
1302 1534 1513 1590 Uergilius
1562 1533 1827 1576 carminibus
1872 1533 1984 1576 circe

1186 1606 1328 1648 socios
1360 1606 1551 1647 mutabit
1586 1606 1698 1647 luxit

1127 1677 1372 1721 Circulator
1429 1677 1504 1733 qui
1558 1677 1721 1719 samam
1779 1677 1984 1732 adportat
2004 1695 2038 1721 25

1185 1749 1369 1805 periculi

1127 1821 1350 1864 0110010111
1383 1821 1602 1863 armillum

1127 1893 1301 1936 Circum
1323 1892 1501 1947 inspicit
1523 1893 1667 1948 querit
1689 1907 1861 1935 cernere
1881 1908 1983 1935 nam

1187 1965 1349 2006 circum
1381 1964 1594 2019 inspicere
1628 1967 1694 2007 est
1727 1979 1906 2020 querere

1127 2034 1299 2078 Circum
1331 2036 1509 2092 inspicit
1539 2036 1701 2092 ubique
1734 2036 1924 2091 inquerit

1127 2106 1300 2150 Circum
1349 2106 1539 2163 inspexit
1589 2110 1743 2150 contra
1795 2108 1983 2163 undique

1185 2194 1337 2221 uersus

2003 2269 2039 2294 30

1126 2322 1384 2366 Circumluit
1417 2323 1718 2365 circumsoluit
1749 2325 1825 2365 aut
1856 2322 1965 2365 fruit

1124 2393 1469 2436 Circumluuium
1519 2395 1639 2437 100113
1691 2410 1819 2450 quem
1870 2409 1982 2450 aqua

1184 2466 1430 2509 circumluit

1124 2537 1530 2593 Circumscribtorie
1565 2538 1718 2582 callide
1752 2538 1913 2594 subtile

1053 2824 1084 2856 4.
1113 2820 1235 2856 sicilia
1256 2825 1262 2867 1
1283 2822 1482 2868 pei-ibentsi
1505 2824 1509 2867 Ι
1532 2823 1621 2867 peta
1653 2823 1664 2867 ΙΙ
1696 2827 1728 2858 6.
1750 2822 1979 2868 primalanu-

229 2881 315 2926 gine
339 2884 343 2925 Ι
366 2881 596 2916 dumsecuris
627 2883 639 2926 ΙΙ
671 2885 702 2917 9.
730 2883 865 2927 paetae
897 2883 909 2927 ΙΙ
942 2885 995 2917 10.
1022 2880 1189 2926 pollutus
1221 2884 1232 2926 ΙΙ
1266 2885 1319 2917 13.
1348 2881 1484 2926 quibus
1511 2881 1649 2916 cimbia
1680 2883 1692 2928 ΙΙ
1733 2886 1786 2918 14.
1813 2881 1944 2918 Cimon
1969 2882 1981 2929 {J

233 2944 284 2974 15.
314 2940 475 2975 Cinaath
509 2943 514 2985 Ι
549 2940 714 2976 3111010111
751 2944 763 2986 ΙΙ
802 2945 856 2977 17.
882 2941 1052 2987 pendans
1089 2942 1101 2986 ΙΙ
1141 2945 1193 2975 18.
1221 2941 1355 2976 dosina
1391 2942 1402 2985 ss
1442 2945 1496 2976 19.
1523 2941 1623 2976 idest
1653 2942 1664 2986 ΙΙ
1701 2945 1757 2977 20.
1785 2940 1940 2976 Cinticis
1971 2940 1976 2989 Ι

229 2999 370 3034 cincius
405 3002 410 3046 1
444 3001 490 3034 de
517 3000 567 3046 gl.
594 3002 670 3037 cod.
717 3003 729 3046 ΙΙ
772 3004 827 3037 21.
856 3000 1004 3036 Cincius
1044 3001 1050 3046 Ι
1083 2999 1205 3035 throie
1237 3002 1242 3046 Ι
1276 3000 1456 3046 uergilius
1493 3003 1498 3047 Ι
1538 3000 1679 3036 cincius
1720 3003 1725 3045 Ι
1767 3001 1940 3046 auctor‚s
1967 3000 1975 3047 l

230 3059 276 3092 de
302 3059 350 3104 gl.
379 3061 454 3095 cod.
475 3062 486 3105 ΙΙ
507 3064 561 3095 22.
589 3060 780 3095 tortiooris
800 3063 812 3106 ΙΙ
838 3065 893 3096 23.
922 3071 1049 3095 omnes
1076 3059 1221 3094 ciebam
1241 3062 1253 3105 ΙΙ
1278 3064 1333 3096 24.
1362 3059 1456 3095 ulixi
1474 3062 1486 3104 11
1511 3064 1568 3096 26.
1595 3060 1784 3095 armillam
1802 3062 1813 3106 ΙΙ
1839 3063 1894 3096 28.
1922 3059 1977 3094 in-

229 3117 345 3163 quirit
364 3121 375 3164 ΙΙ
395 3122 449 3154 29.
473 3119 785 3166 Circuminspexit
804 3122 960 3156 z‘nserib.
980 3133 1024 3156 em
1044 3119 1345 3166 Circuminspicit
1364 3131 1455 3156 corr.
1477 3122 1488 3166 ΙΙ
1508 3124 1563 3157 33.
1586 3119 1979 3171 Circumscriptoriaejf
