2257 3490
727 149 1035 186 GLOSSARIVM
1063 149 1205 185 AMPL.
1235 147 1501 184 SECVNDVM

239 260 418 303 Scandit
450 261 645 303 ascendit

239 331 419 374 Scedule
451 333 638 389 paginae

239 403 365 445 Scola
398 418 492 445 mos

239 475 513 518 Scordiscum
552 477 718 519 corium
753 476 990 531 pessimum
1025 477 1093 518 uel

299 548 478 590 crudum

201 631 217 656 5
239 619 469 675 Sceptrum
502 619 628 676 uirga
660 618 819 675 regalis

238 691 340 734 Scifi
372 692 500 733 fiolae
532 691 601 732 uel
635 690 789 733 calices

238 763 365 806 Scida
397 765 517 805 secta

237 834 477 878 Scabrosus
512 841 638 889 a'sper

237 905 375 949 Scena
407 906 570 948 theatri
603 907 724 949 locus

182 989 216 1014 10
237 977 486 1034 Scripulum
542 994 622 1034 pro
680 980 972 1022 sollicitudine
1024 981 1094 1022 uel

296 1066 399 1093 cura
424 1050 612 1107 legimus
637 1054 681 1093 et
708 1051 1095 1095 adsimilitudinem

293 1122 434 1178 lapilli
479 1122 597 1164 illius
641 1124 715 1178 qui
759 1123 887 1166 nobis
929 1125 1096 1180 inpedit

295 1209 470 1251 gressus

237 1266 461 1322 Scripulus
494 1266 669 1322 lapillus
702 1268 848 1310 breuis

236 1338 459 1381 Scurrulla
491 1338 668 1381 subtilis
700 1339 901 1396 inpostor

235 1409 351 1454 Soris
384 1411 538 1455 doctus

235 1482 446 1526 Scabrum
478 1497 680 1538 asperum
712 1485 925 1527 nodosum

181 1567 214 1593 15
237 1555 389 1599 Scafus
421 1555 670 1610 nauicula1)

235 1627 437 1670 Scumfus
470 1627 673 1670 nauicula

236 1699 552 1743 Scribedelicus
578 1700 904 1755 quiexsediliest
931 1701 1096 1744 siuoca-

294 1775 365 1814 tur
396 1774 498 1828 post
530 1772 771 1814 edilitatem

236 1843 618 1887 Scribalibrarium
687 1843 957 1899 quipertinet

293 1916 430 1958 libros
463 1919 507 1958 et
540 1916 737 1971 publicas
771 1919 914 1959 cartas

237 1987 374 2031 Sceua
407 1987 586 2030 sinistra

181 2072 215 2097 20
236 2059 460 2116 Spiciones
493 2060 643 2117 uirgae
677 2062 905 2103 consulum

236 2131 500 2187 Scupulatur
533 2133 798 2176 sollicitatur

174 2240 178 2243 .
235 2204 386 2247 Scoria
419 2205 566 2248 sordes
600 2206 878 2248 metallorum

235 2275 399 2319 Soroba
431 2292 564 2333 porca
597 2292 705 2332 quae
739 2279 968 2334 generauit

236 2347 415 2391 Scandit
448 2349 643 2391 ascendit
674 2348 772 2390 inde
806 2348 939 2391 etiam

181 2432 214 2457 25
236 2419 393 2463 Scandi
430 2434 583 2462 uersus
622 2419 826 2462 dicuntur
865 2421 939 2476 qui
979 2422 1094 2477 pedi-

293 2493 375 2534 bus
409 2494 714 2547 conponuntur
746 2493 826 2546 qui·
847 2494 1095 2536 ascenditur

235 2563 392 2607 Scrura
413 2564 537 2620 quasi
557 2564 776 2619 parasitus
797 2565 999 2619 publicus
1021 2566 1094 2621 qui

293 2652 382 2679 non
414 2636 576 2679 deserit
609 2651 736 2678 cenas
770 2637 967 2691 publicas

236 2707 477 2751 Sclatarilis
509 2710 736 2763 portatum
769 2708 1007 2751 arimorum

236 2779 464 2822 Scortator
496 2779 775 2821 meretricum
808 2783 978 2823 amator

237 2850 370 2894 Scilla
401 2865 555 2907 graece
587 2853 833 2893 monstrum

180 2935 215 2960 80
236 2922 399 2966 Scebus
432 2925 576 2965 tortus
610 2923 830 2965 strambus

236 2994 422 3051 Scybala
455 3009 608 3051 graece
641 2997 836 3037 stercora

1027 1847 1096 1911 adj

1903 147 1987 188 331

1136 259 1265 315 Scyte
1298 259 1511 315 eliganter

1135 330 1332 373 Scidolae
1364 330 1549 387 paginae
1583 330 1749 372 deletae

1074 418 1077 423 ’
1135 403 1333 446 Scataere
1367 401 1572 444 sorditiae

1135 474 1289 517 Secum
1322 474 1485 516 intrase
2013 484 2047 509 35

1135 545 1292 588 Sedulo
1346 545 1594 588 sollicitudo
1646 546 1761 587 bona
1805 545 1874 586 uel
1921 544 1991 585 ad-

1194 617 1344 660 siduus

1135 689 1377 731 Seditiones
1411 690 1711 732 contentiones

1135 760 1317 803 Sectans
1351 776 1554 803 exercens

1136 832 1331 875 Senodus
1365 832 1649 888 congregatio
1684 848 1834 874 senum

1136 904 1262 947 Serta
1294 907 1416 947 texta
1449 918 1610 947 corona
2014 917 2048 941 40

1135 966 1369 1032 Sequestra
1402 991 1561 1032 sepone

1136 1048 1328 1090 Sethana
1340 1047 1375 1105 2)
1408 1049 1527 1104 aperi

1135 1120 1292 1177 Segnis
1326 1121 1475 1163 tardus
1508 1121 1674 1162 habens

1136 1193 1263 1235 Serta
1294 1195 1415 1235 texta

1136 1265 1289 1308 Serum
1320 1265 1465 1321 liquor
1498 1264 1611 1307 casei
2015 1278 2049 1302 45

1137 1338 1363 1380 Serculum
1395 1337 1616 1393 pallenum
1649 1339 1942 1392 campestrum

1137 1409 1288 1453 Sertor
1321 1410 1463 1452 cultor

1136 1481 1277 1524 Series
1337 1483 1440 1524 ordo
1499 1497 1644 1524 rerum
1695 1481 1764 1523 uel
1822 1483 1994 1536 tempus

1195 1555 1377 1611 longum

1136 1626 1273 1669 Sertis
1307 1627 1480 1670 coronis
1513 1626 1750 1669 subtilibus

1136 1699 1342 1742 Seorsum
1376 1701 1654 1756 segregatum
2014 1713 2050 1738 50

1136 1771 1301 1814 Secreti
1334 1770 1464 1813 diuisi
1497 1770 1686 1826 seperati

1135 1842 1312 1885 Senium
1345 1846 1547 1903 senectus

1135 1915 1265 1958 Secus
1299 1915 1428 1958 aliter

1135 1987 1272 2030 Sertis
1306 1986 1549 2030 coniunctis

1135 2059 1320 2102 Seuerus
1366 2060 1590 2102 modestus
1636 2059 1705 2100 uel
1744 2058 1884 2100 iratus
1924 2059 1994 2100 uel
2014 2072 2048 2098 55

1193 2132 1408 2174 ueridicus
1443 2132 1629 2175 credulis

1134 2204 1475 2261 Septimontium
1488 2203 1521 2260 2)
1592 2204 1682 2245 dies
1745 2203 1994 2245 festisurbis

1192 2292 1339 2319 romae
1384 2276 1487 2332 quia
1532 2291 1663 2331 supra
1704 2288 1771 2317 Vll
1824 2277 1995 2317 montes

1195 2349 1308 2391 sedit
1952 2355 1956 2360 ·

1135 2419 1307 2463 Sensim
1338 2420 1497 2463 leuiter
1528 2421 1597 2462 uel
1634 2419 1827 2462 molliter

1135 2491 1315 2535 Sedtum
1328 2491 1364 2550 3)
1398 2493 1579 2535 sedtunc

1136 2564 1342 2607 Senatum
1362 2565 1608 2608 consultum
1630 2564 1751 2619 quasi
1775 2565 1995 2607 decretum

1134 2636 1378 2679 Sextertius
1411 2638 1496 2679 duo
1530 2651 1626 2678 asse
1659 2639 1703 2678 et
1735 2636 1970 2678 dimedium
2015 2652 2049 2676 60

1134 2708 1357 2751 Sextarius
1390 2709 1483 2765 ipse
1517 2709 1591 2764 qui
1624 2708 1732 2749 illud
1765 2711 1920 2763 erogat

1134 2780 1430 2835 Septizonium
1464 2780 1540 2823 ubi
1578 2782 1680 2822 sunt
1711 2794 1816 2821 zone
1849 2791 1913 2820 VJ}
1947 2779 1993 2820 in

1194 2853 1313 2894 eaelo

1135 2923 1383 2979 Saplasium
1417 2925 1538 2966 uicus
1571 2925 1616 2966 in
1655 2922 1882 2977 campania
1917 2922 2008 2972 ubi,

1193 2999 1295 3037 sunt
1328 2996 1576 3053 ungentarii

277 3178 280 3181 ,
332 3150 366 3193 1)
393 3147 571 3183 nauicula
597 3149 714 3184 adscr.
741 3152 825 3184 m.2
856 3150 868 3195 ΙΙ
900 3151 936 3195 2)
963 3161 985 3185 o
1011 3162 1056 3187 ex
1082 3163 1105 3186 u
1131 3161 1223 3186 corr.
1255 3150 1267 3195 ΙΙ
1299 3152 1335 3194 3)
1369 3151 1385 3184 t
1404 3160 1477 3195 pro
1503 3149 1527 3183 d
1553 3161 1645 3185 corr.
1674 3151 1686 3195 11
