2257 3490
312 196 399 238 304

305 306 523 361 Incompti
568 303 736 346 inchori
781 302 916 358 positi
960 303 1029 345 uel
1073 317 1162 344 non

365 377 507 419 ornati

306 449 520 490 Insuitare
553 447 791 489 insolenter
823 446 1025 488 inuadere

303 519 486 561 Inuuere
520 519 707 560 retinere
741 518 974 560 conhibere

303 580 472 632 Innuba
505 605 613 646 quae
646 590 756 632 nulli
786 590 913 631 nubit

268 674 283 698 5
305 662 500 704 Interdiu
531 677 619 704 non
649 664 778 704 nocte
814 661 1044 703 interdiem

304 734 454 789 Inquis
491 733 697 789 inquibus

304 805 528 848 Infiscauit
559 804 840 860 praescripsit
879 805 1058 846 titulum
1091 819 1162 858 po-

364 877 452 920 suit

302 949 486 1005 Insuper
517 949 643 991 ualde
677 963 806 1003 super

303 1021 392 1062 Init
422 1021 594 1063 iocatur

253 1104 284 1129 ιο
303 1093 615 1149 Indempnatus
647 1107 735 1134 non
768 1092 1000 1134 damnatus

302 1164 644 1220 Incontemptim
675 1179 763 1207 non
796 1164 1083 1220 contemptim

301 1235 544 1292 Insignibus
579 1240 757 1280 ornatus

302 1307 476 1350 Infitior
507 1323 645 1365 negor

302 1379 535 1422 Insimulat
567 1383 744 1423 accusat

253 1462 282 1487 15
302 1451 486 1494 Inferiae
520 1453 732 1495 sacrificia
763 1451 1002 1494 inferorum

301 1522 504 1565 Infitetur
536 1539 625 1566 non
656 1525 807 1566 fitetur
838 1525 971 1579 negat

302 1594 608 1652 Interregnum
632 1594 1022 1651 quotienscumque
1048 1593 1163 1634 inter

362 1669 585 1709 mortuum
609 1667 799 1722 primum
826 1680 973 1722 regem
995 1668 1038 1706 et
1065 1679 1163 1706 eum

364 1740 438 1794 qui
470 1742 571 1795 post
603 1739 748 1794 ipsum
774 1738 912 1780 creari
943 1739 1092 1792 potest
1119 1738 1163 1778 et

362 1814 536 1866 tempus
573 1813 770 1866 potestas
804 1809 982 1866 eligitur
1021 1808 1163 1850 media

361 1882 531 1924 hisdem
576 1882 709 1924 etiam
759 1882 1058 1937 interregnum
1103 1879 1163 1922 (11-

363 1954 475 1996 citur

304 2026 596 2068 Internecium
634 2025 799 2067 bellum
831 2025 989 2067 dicitur
1026 2025 1160 2080 inquo

361 2098 560 2139 homines
592 2100 777 2153 pereunt
807 2098 928 2139 nullo
960 2099 1160 2138 manente

303 2169 539 2211 Intercalat
570 2169 828 2210 intermittit

252 2253 283 2276 20
304 2240 585 2283 Inuolucrum
615 2240 916 2296 tegestricium
947 2240 1068 2281 locus
1101 2239 1161 2280 in-

365 2327 449 2367 quo
482 2313 693 2369 tegestria
724 2315 894 2367 ponunt

304 2384 593 2426 Interlunium
631 2384 744 2426 inter
781 2384 967 2439 primam
1007 2385 1051 2423 et
1088 2396 1161 2424 no-

363 2456 591 2497 uissimam
623 2456 771 2497 lunam

304 2527 491 2569 Inferiae
534 2527 743 2583 obsequia
784 2529 1057 2569 mortuorum
1098 2526 1161 2567 in·

365 2614 549 2654 quorum
591 2598 755 2641 honore
798 2597 962 2653 captiui
1001 2597 1162 2640 occide-

363 2670 522 2712 bantur

305 2742 597 2797 Interpolauit
629 2741 864 2797 interrupit

306 2814 465 2856 Inluies
499 2814 647 2856 sordes

252 2898 284 2922 25
304 2885 577 2941 Ingraminat
605 2899 708 2941 ager
734 2885 976 2941 ingrainine
997 2884 1161 2939 rumpit

306 2956 468 2998 Inlibat
500 2957 704 2999 noncedit

305 3027 489 3070 Institor
505 3028 796 3083 quimercibus
812 3031 854 3070 et
868 3028 970 3070 naui
987 3029 1162 3083 praeest

794 193 1102 229 GLOSSARIVM
1128 193 1271 228 AMPL.
1299 192 1566 228 SECVNDVM

1202 302 1456 345 Incentores
1491 302 1788 346 stimulatores

1201 373 1374 416 Incolae
1408 374 1598 417 cultores
1631 377 1748 417 terra
1781 375 1923 418 aliena

1203 444 1417 487 Infectum
1449 445 1637 488 tinctum
2079 465 2114 490 30

1202 517 1412 559 Interrita
1445 517 1537 559 sine
1568 533 1731 573 pauore

1203 588 1454 631 Intercusus
1488 589 1707 644 idropicus

1201 659 1344 702 Inusit
1376 660 1667 703 infiammauit

1201 731 1394 774 Inlectus
1415 731 1556 774 inlicit
1581 732 1750 775 fallacis
1773 733 1935 776 circum
1955 748 2056 775 uen—

1261 806 1332 845 tus
1365 803 1535 846 fallacis
1569 805 1856 847 circumuenit

1200 875 1394 932 Indugae
1427 876 1633 932 daporem
1664 877 1734 918 uel
1769 876 1922 918 studae
2079 895 2114 920 35

1200 947 1402 1003 Inpinsae
1435 948 1658 1003 inpensius
1685 948 1919 1004 diligenter
1945 948 2060 990 solei-

1200 1018 1432 1061 Insolescit
1464 1019 1712 1061 nonsolitus
1738 1022 1832 1061 erat
1858 1022 1901 1061 et
1929 1019 2060 1061 inter-

1259 1093 1471 1145 portanus

1200 1161 1397 1204 Insector
1430 1162 1773 1204 contumeliosus
1807 1163 2020 1205 molestus

1200 1233 1425 1289 Increpuit
1458 1234 1642 1276 insinuit

1201 1304 1405 1348 Infulfuit
1438 1321 1608 1348 osmum
1641 1306 1760 1348 dedit

1200 1377 1370 1419 Insulae
1391 1378 1513 1419 fittae
1535 1378 1726 1433 dignitas
1753 1392 1805 1434 g.
1833 1379 2061 1420 deathema

1200 1449 1404 1506 Ingluuio
1437 1449 1706 1492 indescensio
1740 1449 1890 1492 mollio

1200 1520 1548 1577 Inpromiscuo1)
1582 1521 1865 1564 intermiscua

1198 1592 1367 1635 Indiem
1399 1593 1497 1635 inde
1530 1593 1679 1648 deipso
1713 1593 1810 1635 loco

1202 1665 1445 1720 Incappedo
1478 1664 1761 1706 interuallum
2078 1685 2112 1710 45

1200 1736 1417 1778 Intestare
1439 1736 1736 1778 contaminare
1759 1738 2058 1780 conmaculare

1200 1809 1369 1851 Inectet
1401 1808 1539 1850 uincit
1572 1808 1726 1864 alligat

1199 1880 1374 1923 Ineiunt
1404 1879 1636 1922 inmittunt

1198 1952 1372 2009 Inergia
1405 1952 1601 2007 operatio

1198 2024 1425 2066 Incentiua
1457 2024 1742 2066 incitamenta

1198 2093 1475 2153 Intercipit2)
1507 2095 1712 2150 prohibet
1744 2098 1865 2136 uetet

1199 2167 1500 2210 Incommodet
1522 2167 1717 2208 infensus
1738 2168 1893 2208 noceat
1919 2166 2057 2208 iratus

1198 2239 1391 2281 Intentia
1423 2241 1549 2280 tenor
1582 2241 1701 2280 statu

1199 2311 1446 2352 Inueterate
1480 2310 1659 2352 callidae
1693 2309 1938 2351 malitiosae

1197 2382 1427 2437 Inpensius
1459 2382 1698 2437 plurimum
1731 2382 1917 2423 multum
2077 2399 2110 2426 55

1199 2454 1449 2508 Intercepta
1481 2454 1629 2496 ablata

1200 2525 1421 2568 Infaustus
1452 2524 1603 2567 infelix

1199 2597 1407 2652 Inpendia
1440 2597 1598 2639 salatia

1200 2669 1350 2710 Indere
1384 2668 1655 2711 conscribere
1689 2671 1834 2710 texere

1198 2740 1358 2783 Indicit
1390 2740 1618 2796 coniungit

1198 2811 1361 2853 Indixit
1391 2811 1605 2867 praecipit
1636 2810 1832 2866 inposuit

1198 2882 1405 2938 Intercipi
1438 2885 1662 2938 amputare

1198 2954 1318 2997 Inter
1348 2955 1454 2996 haec
1487 2953 1673 2995 dumhoc

1199 3025 1330 3081 Inpos
1365 3025 1522 3067 mentis
1555 3024 1732 3066 insanus
1765 3026 1908 3066 mente

2077 1327 2113 1351 40

2077 2043 2112 2068 50

2074 2756 2109 2782 60

404 3182 438 3225 1)
464 3192 511 3215 uo
533 3193 604 3226 pro
630 3186 687 3216 ua·
705 3193 795 3217 coo-r.
822 3194 867 3217 m.
884 3185 902 3216 1
935 3183 946 3227 ΙΙ
979 3184 1013 3227 2)
1041 3181 1072 3215 it
1092 3191 1163 3226 pro
1191 3180 1230 3214 at
1255 3190 1345 3215 corr.
1373 3190 1418 3215 m.
1435 3182 1455 3214 1
1475 3180 1487 3224 Η
