2221 3490
767 151 1024 187 EXCERPTA
1048 150 1114 186 EX
1140 150 1332 186 GLOSSIS
1361 151 1391 185 A
1410 151 1442 185 A

234 262 409 318 Egloga
464 262 748 318 parcarminis
807 276 888 316 que
940 261 1091 303 definit

294 337 446 377 auctor
479 349 554 376 seu
587 333 775 389 scriptor

233 405 451 462 Egoglam
485 405 656 461 eulogia

232 477 487 532 Elapidauit
520 476 752 532 dissipauit
784 476 1056 532 consumpsit

234 549 469 592 Elimatius
500 548 802 604 polytelimate
835 548 992 589 munde

198 632 214 658 5
234 622 480 664 Elictorum
513 635 665 662 aurum
691 622 923 675 argentum
954 620 1091 674 plum-

293 694 482 747 bumque
544 691 811 747 permixtum
869 691 1090 747 mixtaque

293 763 476 806 materia

232 835 435 891 Elinguis
491 837 638 877 mutus
696 834 787 877 siue
844 835 965 891 linga
1015 851 1091 878 seu

291 907 436 950 mollis
469 907 618 962 lingue

231 978 440 1035 Elogium
472 979 628 1020 titulus
661 977 895 1021 cuiuslibet
927 979 988 1021 rei
1021 981 1089 1022 uel

293 1051 506 1106 scriptum
539 1065 615 1092 seu
647 1051 868 1106 eloquium

231 1122 392 1179 Elogia
423 1137 522 1178 pars
557 1122 761 1165 carminis

233 1194 404 1251 Elogiis
439 1194 704 1237 carminibus
737 1195 806 1237 uel
835 1195 1088 1238 criminibus

291 1266 417 1309 malis

178 1352 211 1377 10
230 1339 440 1395 Elogium
472 1339 587 1381 bona
618 1338 736 1380 fama

229 1411 439 1467 Elogium
471 1425 730 1466 responsum

230 1482 380 1524 Ellum
413 1482 674 1524 coclearium

229 1554 378 1596 Ellum
411 1554 599 1595 multum
632 1554 851 1597 confidens

229 1626 314 1668 Em
346 1626 588 1682 increpatio
622 1628 688 1667 est

178 1715 208 1739 15
231 1698 316 1740 Em
352 1698 599 1740 ammiratio

231 1769 494 1825 Emancipat
525 1770 632 1812 uiris
667 1771 834 1826 proprii
867 1771 1090 1814 dominum

291 1842 448 1884 statuit

230 1914 475 1956 Emilianus
503 1914 640 1969 scipio
667 1917 792 1969 pater
818 1915 931 1958 idest
955 1916 1089 1958 emilii

289 1985 405 2027 filius
438 1988 482 2027 et
512 1973 676 2042 propff

229 2058 462 2113 Euripides
494 2073 582 2100 non
613 2047 701 2114 pat
724 2059 797 2101 sed
831 2074 856 2100 a
887 2059 983 2102 loco

229 2130 519 2173 Eminiscitur
550 2130 596 2172 in
627 2131 885 2173 memoriam
921 2131 1089 2173 reducit

176 2218 210 2243 20
230 2202 470 2244 Emortuus
504 2217 555 2244 ex
586 2206 711 2258 parte
744 2205 941 2245 mortuos

229 2274 488 2329 Emporium
520 2275 642 2317 locus
677 2290 806 2330 super
838 2289 956 2316 mare

230 2346 465 2388 Emulcens
498 2347 723 2389 oblectans

230 2419 415 2460 Emulus
446 2418 649 2460 inimicus
681 2418 752 2460 uel
785 2419 990 2461 emitator

229 2490 416 2546 Emphis
449 2489 690 2532 terroribus
724 2491 959 2533 conuincus

177 2575 211 2603 25
231 2562 481 2605 Emtorium
512 2562 632 2604 locus
660 2562 735 2604 ubi
766 2562 1088 2619 negotiationes

289 2637 543 2677 exercentur

229 2705 535 2748 Enneacedece
567 2706 650 2748 hoc
683 2708 750 2748 est
777 2706 1089 2750 decemnouen-

288 2778 401 2820 nalis
435 2778 579 2834 cyclus
611 2777 711 2819 lune

230 2850 396 2893 Enecet
429 2851 579 2892 edocet
612 2848 802 2892 ostendit

229 2921 374 2964 Encas
407 2921 510 2964 sicie
542 2923 690 2964 monte

1899 151 1984 192 453

1129 260 1343 302 Enectare
1376 260 1568 303 infocare

1128 333 1305 375 Euclita
1336 332 1519 389 gloriosi
2007 346 2039 367 ³³0

1129 404 1296 447 Ennica
1330 404 1526 446 adultera

1129 476 1285 518 Ennici
1319 476 1537 518 idolorum
1570 477 1758 519 seruitus

1128 547 1278 602 Enpos
1310 548 1527 602 inpatiens
1562 551 1636 590 aut
1670 563 1817 591 amens

1128 618 1368 661 Enucleaui
1389 619 1568 674 exposui
1584 621 1798 674 quomodo
1819 620 1854 661 si
1870 619 1985 662 dicat

1188 691 1392 732 mundam
1430 705 1520 732 rem
1560 691 1718 733 tradidi
1755 694 1805 733 ut
1844 692 1985 734 solent

1187 763 1312 804 nucle
1346 762 1546 804 mundari
1576 766 1619 804 et
1646 779 1670 805 a
1698 766 1812 805 testa
1844 778 1985 820 segre-

1189 834 1284 890 gari

1128 906 1404 948 Enucleatim
1436 906 1549 948 clare
1582 906 1811 948 manifeste
2005 918 2039 942 ³5

1127 978 1385 1033 Ependoten
1418 979 1609 1019 meloten

1127 1049 1344 1104 Epicroca
1376 1049 1597 1104 perlucida

1128 1121 1414 1178 Epigramma
1465 1122 1655 1163 edictum
1705 1121 1858 1163 iudicis
1911 1136 1985 1163 seu

1189 1208 1333 1235 coram
1367 1193 1607 1235 efamosum

1127 1265 1509 1320 Epithomatarius
1543 1265 1821 1308 adbreuiator

1127 1338 1320 1393 Epactas
1735 1338 1984 1393 inconputis
2005 1349 2039 1373 40

1189 1410 1415 1466 egyptium
1448 1413 1514 1451 est

1128 1481 1402 1537 Epulaticius
1437 1481 1510 1536 qui
1541 1481 1656 1536 pulis
1689 1482 1763 1523 dat
1797 1497 1972 1538 operam

1387 1338 1667 1393 superaddita

1127 1553 1324 1609 Epartua
1354 1553 1592 1609 patulaqua

1125 1625 1339 1681 Equando
1374 1640 1425 1667 ex
1458 1640 1542 1681 quo
1575 1628 1770 1681 tempore

1128 1697 1366 1753 Equestres
1398 1701 1590 1740 trosseos
1625 1713 1699 1740 seu
1733 1699 1901 1753 equites

1128 1770 1274 1825 Eques
1308 1773 1530 1826 etquester
1561 1785 1695 1812 unum
1728 1773 1794 1812 est
2005 1780 2040 1805 >15

1128 1841 1378 1898 Ergastulis
1413 1843 1531 1884 duris
1566 1843 1769 1897 operibus

1128 1913 1248 1969 Ergo
1280 1913 1429 1968 itaque
1463 1914 1600 1970 igitur
1632 1917 1771 1970 tynyn

1127 1984 1239 2026 Erili
1273 1985 1477 2028 dominici

1127 2056 1246 2098 Erile
1298 2057 1563 2100 dominicum
1609 2058 1722 2101 idest
1765 2061 1815 2100 ut
1858 2060 1984 2101 ualde

1187 2134 1236 2170 ut
1267 2129 1334 2171 uis

1126 2200 1376 2243 Eructuans
1411 2217 1614 2243 euomens
2005 2213 2039 2237 50

1126 2272 1344 2315 Eructuat
1377 2273 1530 2315 acorde
1563 2272 1728 2315 emittit

1127 2344 1426 2387 Erucescende
1442 2343 1624 2386 uidende
1639 2345 1839 2400 patiende
1862 2348 1985 2402 grate

1128 2417 1283 2459 Erusci
1316 2417 1428 2459 tusci

1126 2489 1453 2532 Erumnuosum
1487 2489 1779 2531 miserrimum

1127 2561 1289 2603 Erunis
1321 2561 1433 2616 furie
1465 2576 1614 2603 recuse
2005 2572 2037 2595 5³

1126 2633 1292 2675 Erutus
1326 2648 1477 2676 cursor

1125 2705 1283 2747 Erusci
1316 2706 1426 2747 eruli
1459 2720 1535 2747 seu
1566 2706 1680 2747 turci

1126 2778 1386 2820 Erciscende
1420 2778 1636 2820 euocande
1669 2776 1952 2819 indeuidende

1125 2849 1350 2892 Estidram
1386 2864 1517 2904 quam
1555 2852 1726 2891 ueteres
1768 2863 1983 2903 conapum

1184 2922 1361 2964 nomina
1388 2910 1434 2963 st

331 3033 360 3063 1.
385 3039 473 3073 pars
499 3026 676 3062 carminis
703 3040 727 3062 a
751 3028 763 3072 ΙΙ
792 3031 822 3063 2.
851 3027 1043 3074 eulogiam
1069 3041 1092 3063 ιι
1116 3029 1128 3073 Η
1161 3031 1191 3062 5.
1218 3027 1403 3062 Elictrum
1428 3039 1451 3062 α
1480 3028 1491 3070 ΙΙ
1524 3031 1578 3062 16.
1606 3026 1697 3061 iuris
1724 3038 1747 3061 (ι
1773 3027 1784 3071 Η
1817 3029 1872 3062 23.
1899 3024 1982 3059 imi-

230 3088 333 3122 tator
357 3100 381 3123 α
417 3089 428 3133 ΙΙ
460 3092 516 3123 24.
544 3087 711 3133 Emphus
738 3100 761 3123 α
791 3089 803 3133 ΙΙ
835 3092 891 3124 27.
919 3088 1050 3123 edocet
1076 3100 1142 3123 om.
1170 3100 1193 3123 a
1224 3089 1235 3133 Η
1267 3091 1323 3123 34.
1350 3086 1474 3121 nuclei
1501 3099 1523 3121 (ι
1552 3088 1563 3132 ΙΙ
1595 3090 1650 3122 38.
1684 3097 1834 3121 carmen
1865 3085 1982 3121 famo-

233 3159 294 3182 sus
321 3160 344 3183 a
375 3149 387 3194 ΙΙ
418 3151 474 3183 41.
503 3146 624 3196 epulis
650 3159 674 3182 α
704 3150 715 3193 {1
747 3151 804 3182 44.
832 3148 870 3182 et
896 3148 1068 3192 equester
1093 3159 1116 3182 a
1147 3149 1158 3192 ΙΙ
1191 3150 1245 3182 54.
1273 3146 1521 3181 Erumnosum
1548 3158 1571 3181 α
1602 3147 1613 3190 ΙΙ
