2216 3402
747 110 982 146 PLACIDVS
1009 111 1194 148 CODICIS
1220 112 1432 149 PARISINI
1884 117 1964 159 127

269 219 417 264 ibere.
439 220 476 264 si
508 222 653 271 locu-m
685 222 924 266 edificando
958 224 1069 266 clau-

270 294 368 336 dere

208 364 580 421 “³Opubalsamum
601 365 784 410 dicimus
805 401 812 409 .
832 381 960 410 sucus
980 367 1068 409 bal-

268 437 408 480 sami.
431 453 561 493 quam
598 439 729 481 fallor
768 454 876 494 opus
910 454 1065 482 sucus.

267 509 426 552 dicitur

206 580 458 637 ssOpyparet
491 615 500 624 .
534 582 738 638 opulente
780 582 947 624 diuitiis
981 617 990 625 .
1022 582 1065 623 id

267 654 421 709 opibus
455 654 705 696 conuiuium
727 687 735 694 .
757 654 1002 697 intructum

205 723 376 780 ²³²Opera
403 758 411 767 .
440 729 483 767 et
517 740 692 781 operam
721 759 729 767 .
757 741 888 782 opera
927 729 1029 768 sunt
1055 761 1062 768 .

265 800 381 839 artes
403 831 411 839 .
434 797 706 854 singulorum
722 831 730 839 .
746 801 790 839 et
818 798 1035 840 artificum
1057 833 1065 840 .

265 870 459 924 operam⁷
482 885 586 912 uero
621 903 629 911 .
662 869 926 912 adiutorium
971 885 1063 913 esse

263 942 566 998 cognoscimus

202 1011 474 1070 *Opyficium
489 1048 498 1056 .
513 1029 580 1056 res
603 1014 749 1070 aliqua
770 1029 851 1070 que
872 1015 917 1057 in
933 1029 1062 1070 opere

263 1089 360 1128 est.
381 1087 450 1128 uel
483 1086 559 1128 ubi
592 1101 723 1142 opera
755 1087 867 1128 fiunt

165 1167 182 1193 5
202 1156 466 1214 *Oppletum
488 1193 495 1200 .
517 1158 703 1201 oblitum
735 1174 870 1216 usque
898 1159 953 1201 ad
977 1160 1065 1215 ple-

260 1246 366 1273 Ilum

201 1301 401 1358 *Oppido
422 1336 431 1345 .
448 1303 814 1365 quemadmodum
831 1336 839 1345 .
855 1305 922 1345 set
948 1318 1063 1345 nunc

259 1375 385 1417 ualde

200 1445 429 1503 ssOpypare
452 1481 459 1488 .
481 1448 606 1491 laude
629 1482 636 1490 .
658 1447 971 1504 opulenterque

200 1518 458 1575 *Oppiteros
480 1553 489 1562 .
505 1521 579 1576 qui
600 1520 720 1563 obito
740 1522 865 1577 patre
882 1554 890 1562 .
906 1523 950 1562 et
978 1535 1059 1561 auo

259 1591 435 1634 uiuente
467 1596 707 1635 nascuntur

199 1661 443 1719 *Oppetere
464 1698 473 1706 .
495 1664 614 1706 obire
635 1697 645 1707 .
666 1667 742 1706 aut
774 1666 886 1707 mori

147 1745 180 1771 10
199 1733 418 1790 *Opulato
443 1770 450 1778 .
470 1737 686 1792 presentis
708 1769 718 1779 .
738 1739 787 1778 ut
821 1737 962 1792 apulis

201 1807 437 1850 Oraculum
469 1842 476 1850 .
512 1808 750 1851 oratorium
784 1842 792 1851 .
825 1809 895 1851 uel
927 1841 937 1851 .
971 1809 1058 1851 oris

259 1880 480 1936 eloquium

201 1951 387 1994 Oracula
408 1986 417 1995 .
436 1967 646 2008 responsa

199 2023 433 2067 Oraeulum
453 2059 461 2067 .
483 2024 680 2067 diuinum
717 2024 938 2080 eloquium

200 2096 352 2140 Oratio
374 2131 382 2139 .
404 2097 492 2140 oris
524 2097 638 2139 ratio

59 2173 188 2213 f01.10v
204 2168 313 2211 Orat
332 2202 342 2212 .
363 2173 491 2226 rogat

147 2253 178 2277 1⁶
200 2240 287 2283 Ora
308 2276 316 2284 .
337 2242 545 2283 tenebant
566 2275 573 2283 .
595 2242 800 2284 tacebant

200 2312 287 2355 Ora
331 2317 562 2369 parentum
586 2347 594 2356 .
619 2314 869 2370 genitorum
915 2328 1059 2369 aspec—

256 2388 350 2428 tum

198 2455 326 2500 Orbis
379 2459 563 2500 mundus
615 2459 735 2516 girus
786 2460 901 2514 quod
945 2461 1057 2515 gre.

257 2530 460 2586 spheram
491 2535 653 2573 uocant

198 2598 351 2644 Orbita
371 2637 379 2646 .
401 2605 540 2645 strata

145 2685 178 2710 20
198 2670 375 2716 Orbitas
397 2707 406 2716 .
427 2675 632 2718 admissio
665 2675 856 2718 filiorum

198 2743 385 2793 Oreades
407 2780 414 2788 .
434 2746 569 2789 nimfe
591 2781 599 2790 .
619 2751 826 2790 montane

199 2815 336 2858 Orion
349 2849 359 2859 .
372 2817 490 2860 sidus
522 2820 827 2876 nauigantium
856 2820 1042 2863 infestus

199 2888 415 2930 Oriundus
437 2923 445 2931 .
464 2892 594 2933 natus
939 2937 942 2942 .

199 2958 360 3002 Oriona
381 2994 388 3001 .
410 2961 537 3003 stella
568 2962 615 3004 in
647 2965 1002 3019 septemtrionem

295 3116 328 3161 1>
354 3126 398 3151 ex
425 3113 527 3151 Orsis
554 3127 644 3153 corr.
676 3119 688 3162 ΙΙ
719 3119 755 3164 2)
783 3129 804 3154 o
829 3130 910 3165 sup.
936 3131 1004 3157 scr,
1025 3123 1048 3166 Ἠ

1108 221 1293 274 Orfeus„
1316 223 1564 266 citharedus
1588 258 1596 266 .
1617 239 1801 281 egregus
1834 226 1919 268 fuit
1987 241 2021 265 25

1109 294 1242 337 Ortus
1265 329 1272 336 .
1293 296 1387 337 nati
1419 296 1579 339 uitates
1600 330 1609 338 .
1630 298 1713 354 ui}
1736 331 1745 340 .
1763 313 1842 340 nec
1881 299 1966 341 fru-

1168 369 1259 408 stra
1303 367 1531 423 signorum
1579 369 1725 412 obitus
1777 372 1967 426 specula-

1166 454 1284 487 mur.
1301 442 1345 480 et
1373 442 1493 482 ortus
1520 441 1750 496 pluraliter
1777 443 1941 485 dictum

1107 509 1300 567 Orologo
1323 543 1331 552 .
1355 512 1542 554 oraduco
1565 546 1572 554 .
1594 527 1671 569 gre

1106 581 1224 623 Orna
1246 616 1254 624 .
1277 583 1523 638 sepulcrum

1105 653 1241 696 Orsus
1262 687 1271 696 .
1292 654 1413 710 loqui
1447 656 1562 711 cepit

1104 725 1257 768 Orosis
1271 724 1302 783 ¹)
1325 759 1334 768 .
1354 726 1548 769 uisiones
1582 730 1799 771 somnium
1982 744 2017 769 30

1103 796 1351 840 Ortodoxus
1373 833 1379 839 .
1403 802 1518 841 recte
1552 802 1627 855 gie

1103 868 1293 912 Ornatus
1314 904 1322 912 .
1344 870 1487 913 cultus

1102 940 1188 984 Oro
1220 977 1227 983 .
1257 956 1439 984 ueruum
1486 943 1677 986 aetiuum
1723 948 1789 987 est
1819 979 1827 987 .
1858 946 1963 988 facit

1160 1014 1384 1069 passiuum
1418 1030 1518 1057 oror
1546 1051 1552 1058 .
1581 1030 1685 1072 ergo
1721 1020 1871 1059 oratur
1903 1019 1961 1059 di—

1163 1089 1278 1129 recte
1300 1086 1483 1130 dicimus
1507 1122 1514 1129 .
1537 1091 1687 1130 oratur
1701 1122 1710 1131 .
1727 1092 1802 1131 aut
1823 1090 1962 1132 dicere

1162 1174 1240 1214 pro
1284 1162 1411 1201 orant
1454 1160 1675 1215 poeticum
1718 1164 1784 1203 est
1817 1195 1825 1203 .
1861 1177 1963 1217 quo-

1162 1231 1290 1273 modo
1331 1265 1339 1273 .
1379 1231 1657 1287 expoliantur
1696 1267 1703 1274 .
1743 1248 1822 1288 pro
1868 1249 1962 1288 spo-

1161 1302 1314 1359 liant2)

1100 1373 1262 1432 ³³‘Orgia
1283 1411 1290 1418 .
1312 1376 1438 1433 gffiffl
1464 1412 1471 1419 .
1499 1376 1613 1419 idest
1646 1392 1853 1433 sacraque
1885 1393 1963 1434 per

1160 1448 1305 1490 furore
1333 1443 1610 1491 celebrantur
1629 1481 1640 1492 .
1659 1452 1709 1491 ut
1736 1450 1862 1492 liberi
1891 1465 1963 1505 pa-

1159 1519 1240 1562 tris
1271 1553 1280 1563 .
1311 1524 1354 1562 et
1394 1521 1548 1563 matris
1577 1554 1586 1563 .
1613 1521 1685 1562 dm
1715 1556 1722 1563 .
1751 1522 1920 1578 orgiam
1953 1556 1959 1563 .

1160 1592 1266 1634 item
1300 1608 1504 1635 mensura
1542 1596 1643 1635 est.
1674 1594 1788 1649 quod
1827 1594 1960 1636 latine

1159 1664 1319 1707 dicitur
1350 1680 1460 1708 urna

1098 1734 1426 1793 *Ortigometra
1464 1770 1473 1780 .
1513 1752 1649 1794 genus
1696 1738 1842 1780 auium
1875 1772 1883 1780 .
1917 1737 1960 1779 id
1981 1752 2015 1777 35

1158 1809 1404 1852 cuturnices

1097 1878 1260 1922 *Orbia
1279 1914 1289 1924 .
1311 1896 1447 1938 genus
1483 1883 1701 1938 quoddam
1730 1898 1927 1926 escarum
1952 1916 1959 1925 .

1159 1953 1274 2007 quod
1300 1987 1307 1994 .
1337 1954 1513 2009 quidam
1541 1988 1550 1997 .
1579 1955 1747 1997 saturni
1776 1990 1783 1996 .
1814 1956 1958 1998 oniam

1157 2029 1323 2069 uocant

1098 2096 1267 2141 ἶὲί0111113
1284 2132 1293 2141 .
1308 2101 1389 2156 gffs
1411 2100 1598 2155 quodam
1614 2100 1795 2142 :arboris
1814 2100 1957 2156 grssis

1158 2171 1356 2213 feminini
1388 2204 1397 2213 .
1429 2172 1621 2214 numeris
1679 2171 1915 2228 singularis
1949 2206 1956 2214 .

1157 2244 1316 2286 aduero
1338 2278 1345 2286 .
1367 2244 1528 2299 plurali
1549 2278 1557 2287 .
1579 2244 1784 2287 ornifacit

1097 2312 1360 2358 *Graculum
1374 2350 1382 2359 .
1398 2317 1510 2359 unde
1542 2331 1752 2372 responsa
1778 2318 1935 2359 dantur
1948 2351 1957 2360 .

1158 2387 1202 2429 id
1238 2387 1478 2442 fundantur
1504 2423 1512 2431 .
1538 2388 1610 2431 uel
1647 2389 1925 2445 predicantur
1949 2423 1956 2431 .

1155 2475 1259 2502 nam
1291 2463 1335 2503 et
1366 2461 1463 2517 ipsa
1496 2476 1564 2504 res
1586 2496 1594 2504 .
1613 2461 1659 2503 id
1697 2476 1957 2517 responsum

1157 2532 1272 2588 quod
1311 2533 1440 2575 datur
1467 2567 1476 2575 .
1504 2533 1728 2576 oraculum
1768 2534 1927 2576 dicitur

1096 2602 1224 2659 *Orie
1253 2638 1260 2646 .
1287 2604 1400 2647 freni
1427 2639 1436 2646 .
1463 2608 1507 2646 et
1540 2606 1675 2648 abene
1696 2595 1708 2648 .’
1727 2606 1857 2648 abore
1897 2606 1955 2648 di-

1156 2679 1314 2719 cuntur
1340 2710 1349 2719 .
1377 2680 1577 2734 expectat
1614 2678 1777 2720 dictum
1805 2711 1813 2719 .
1842 2693 1954 2719 ama-

1155 2749 1287 2791 tando
1320 2749 1364 2790 id
1385 2782 1394 2791 .
1416 2749 1701 2792 aiuuamendo

1095 2819 1442 2863 Ostentabantur
1463 2854 1472 2863 .
1493 2822 1851 2863 monstrabantur
1972 2836 2008 2861 40

1094 2891 1258 2936 Oscilla
1290 2926 1299 2935 .
1331 2894 1415 2948 ηιξ
1447 2924 1459 2936 .
1490 2893 1657 2948 tiuique
1704 2893 1856 2935 oscilla
1901 2908 1952 2935 ex

1153 2965 1241 3007 alta
1273 2964 1514 3019 suspedunt
1534 2997 1543 3006 .
1563 2964 1713 3007 mollia
1743 2956 1850 3021 pinu
