2221 3490
82 2584 146 2621 fol.
160 2588 229 2622 30¹¹

750 157 991 193 SPECIMEN
1019 157 1205 194 CODICIS
1231 159 1484 194 LEIDENSIS

231 268 475 323 Epyuision
506 268 699 323 perision

230 324 472 384 Exi-‘areton
503 340 786 396 praecipuum

230 412 322 454 Eca
361 427 492 455 cusen
531 415 607 454 aut
645 412 690 454 in
730 416 806 455 aut
845 414 888 455 in
922 413 1092 455 adflixit

290 485 411 526 illam

230 555 406 612 Epiasis
440 572 701 611 supersanus

195 638 211 664 5
232 627 536 671 Grammateos
571 629 860 684 grammatius

231 701 421 743 Emurus
455 703 523 742 est
556 701 697 742 fluxus
732 700 958 756 sanguinis

229 771 595 827 Metempschosis
625 773 810 813 motatio
839 772 982 813 anime
1011 771 1093 825 alie

288 844 334 885 in
367 844 556 886 alterum
588 844 810 886 hominem

228 915 378 971 Agora
410 916 527 958 foras

228 987 546 1044 Lutugisprum
579 988 840 1030 rationabile

176 1070 209 1095 10
229 1059 529 1102 Tuthimisiun
560 1061 738 1116 plenum
770 1061 833 1114 ire

227 1131 403 1187 Tuepiti
436 1132 617 1175 mitisun
652 1132 983 1188 concupiscibili

229 1204 398 1260 Puruys
431 1219 542 1258 uene

227 1276 443 1318 Decitiuis
478 1276 698 1318 deinsanis

228 1348 407 1391 Ileusun
427 1363 527 1404 cyre
547 1349 766 1404 propitius
795 1351 891 1391 esto
920 1348 1093 1390 domine

173 1435 207 1461 15
227 1420 507 1463 Theoritisen
527 1425 571 1462 et
590 1422 812 1476 practicen
829 1421 1094 1476 contempla-

287 1494 430 1536 tiuum
463 1496 506 1535 et
539 1494 734 1536 actiuum

227 1565 482 1609 Cuimarsus
515 1566 719 1621 princeps
753 1566 857 1608 uille

228 1638 340 1681 Oma
372 1653 529 1694 corpus
569 1654 722 1681 sumen
761 1653 936 1680 umerus
977 1638 1091 1693 quod

286 1726 366 1766 pro
407 1725 493 1753 uno
537 1725 686 1753 omnes
731 1714 774 1753 et
816 1726 895 1766 pro
939 1711 1092 1752 multis

287 1797 397 1825 unus

228 1854 456 1897 Cataantis
490 1856 735 1897 contrarius

229 1927 458 1970 Sinthema
492 1928 612 1983 spica
645 1928 892 1983 conpositio

173 2012 208 2036 2⁰
228 1997 472 2055 Spodasten
506 2003 746 2042 amatorem

226 2071 453 2114 Diatribas
497 2071 790 2114 dissensiones
835 2073 905 2114 uel
946 2073 1089 2128 dispu-

286 2143 477 2186 tationes

227 2215 504 2272 Nuymeyses
538 2216 813 2259 consiliarius

228 2287 312 2338 Qui
345 2288 502 2330 dixerit
540 2288 668 2331 fratri
708 2305 787 2332 suo
828 2289 960 2332 racha
992 2304 1090 2332 reus

287 2361 371 2402 erit
416 2361 600 2403 concilio
646 2362 690 2403 id
730 2365 796 2404 est
838 2363 1088 2404 reconcilia--

287 2431 406 2474 tione

231 2519 249 2541 *
316 2520 335 2542 >1ί
401 2521 420 2542 *
486 2523 504 2542 *
570 2522 589 2543 *
655 2522 674 2544 ³0<
740 2522 759 2544 >01
824 2522 845 2545 *

455 2577 533 2618 DE
567 2576 860 2620 CASSIANO

173 2660 207 2685 215
228 2646 359 2690 Malis
393 2663 444 2690 ex
477 2648 666 2691 maxillis

226 2718 393 2762 Letheo
427 2721 604 2763 mortali

229 2790 430 2847 Spiathio
464 2796 628 2836 mattae

228 2862 431 2906 Enticam
465 2866 741 2908 sublectilem

173 2947 207 2972 30
229 2934 465 2992 Xerofagia
506 2937 639 2979 herbe
679 2953 761 2993 que
801 2938 1090 2980 comeduntur

287 3007 457 3050 incocte

230 3078 458 3136 Omofagis
493 3095 575 3136 que
608 3096 695 3124 non
728 3082 813 3125 nisi
847 3086 968 3125 cocte

231 3151 352 3194 Ason
386 3152 621 3210 integritas

252 3241 265 3253 ο
303 3227 390 3262 Gorp.
410 3230 501 3263 gloss.
521 3231 573 3257 lat.
603 3233 675 3257 tom.
696 3231 723 3257 V

1904 160 1988 201 417

1130 269 1191 312 Vt
1221 274 1326 325 pute
1359 273 1409 312 ut
1441 274 1508 313 est

1131 341 1346 385 Causticis
1380 344 1544 398 asperis
1578 343 1846 385 firmioribus

1129 414 1324 457 Auxesin
1358 417 1588 458 aucmenta
1622 414 1669 473 (fl
1700 429 1732 457 3.
1757 412 1852 471 scr.)
2013 426 2047 451 ³5

1131 486 1345 528 Proemiis
1377 487 1729 542 praefacionibus

1132 557 1382 600 Cenodoxia
1413 559 1555 601 inanis
1589 559 1730 615 gloria

1134 628 1398 672 Confutatus
1430 632 1692 686 reprobatus

1132 701 1336 744 Incentor
1369 703 1607 745 suscitator

1135 771 1400 828 Scopulosus
1433 778 1558 829 petra

1134 843 1330 887 Secunda
1361 860 1571 901 prospera

1133 914 1292 959 Cautes
1325 918 1492 973 lapides

1132 987 1382 1032 Lentiscere
1415 989 1659 1033 molliscere

1131 1060 1232 1103 Non
1266 1061 1404 1104 officit
1437 1077 1524 1104 non
1557 1063 1726 1105 resistit

1132 1132 1393 1191 Catalogum
1427 1135 1559 1177 series
1592 1136 1817 1178 nominum
2017 1149 2052 1173 1ῆ

1131 1205 1303 1248 Atauus
1335 1219 1443 1249 :1111:
1476 1210 1601 1262 pater

1135 1276 1368 1321 Confectos
1404 1280 1645 1321 maculatos

1133 1349 1365 1393 Lautiores
1398 1352 1638 1406 pulcriores

1134 1421 1298 1465 Cicona
1331 1423 1490 1466 cecitas

1132 1494 1275 1537 Pinsit
1308 1496 1536 1538 densitudo
2017 1509 2050 1533 50

2015 789 2050 812 40

1131 1567 1300 1610 Inlecta
1333 1568 1545 1610 suscitata

1133 1640 1323 1696 Oppleta
1354 1641 1522 1696 inpleta

1131 1713 1413 1769 Exaggerare
1449 1714 1668 1756 comulare

1131 1785 1342 1828 Theorice
1376 1800 1589 1840 supernus
1621 1787 1873 1828 intellectus

1131 1858 1384 1900 Inconditos
1416 1857 1770 1913 indisciplinatos
2015 1871 2049 1895 ⁵5

1130 1929 1249 1971 Tabo
1283 1931 1464 1972 morbus

1130 2001 1369 2058 Repagulis
1404 2003 1590 2045 stabulis

1131 2072 1343 2117 Conserto
1378 2076 1606 2130 conposito

1132 2145 1386 2189 Comminus
1420 2163 1554 2202 prope

1132 2219 1352 2262 Abdicans
1387 2220 1688 2262 contradicans

1132 2291 1454 2348 Gastrimargia
1487 2293 1709 2348 appetitus
1745 2294 1908 2335 uentris

1131 2362 1368 2418 Tyrsamus
1401 2364 1634 2419 praedator

1131 2434 1279 2477 Diruit
1313 2437 1461 2479 obruit

1133 2506 1330 2550 Statione
1363 2509 1621 2565 uigilatione

1131 2579 1419 2637 Prerogatiua
1457 2579 1502 2638 (o
1526 2595 1610 2636 pro
1642 2596 1664 2623 0
1697 2580 1820 2639 corr.)
1859 2584 1990 2638 priui-
2013 2593 2047 2619 ‹15›

1189 2652 1354 2708 legium

1128 2723 1423 2767 Nutabundus
1457 2725 1634 2768 mobilis

1128 2796 1361 2852 Indeptum
1394 2798 1660 2853 adquisitum

1127 2868 1309 2925 Rangor
1340 2870 1536 2925 nequitia

1129 2938 1410 2997 Sillogismus
1444 2943 1642 2997 quaestio
1677 2941 1946 2984 ineuitabilis

1128 3012 1381 3056 Dialecticis
1414 3013 1616 3056 fecundia
2012 3032 2044 3056 το

1129 3084 1336 3128 Conicere
1370 3085 1624 3142 intellegere

1129 3155 1466 3214 Sugillationem
1497 3157 1702 3201 iniuriam

1658 3233 1702 3264 27

2014 2236 2049 2260 1ῐο
