2216 3402
231 142 286 183 26
677 142 908 178 PLACIDVS
934 142 1186 178 LIBRORVM
1212 143 1526 179 ROMANORVM

231 251 400 294 Harioli
439 253 570 294 diuini
613 253 684 307 qui
731 255 938 306 concepto
983 241 1081 294 ante
1120 253 1309 310 Indagus
1331 254 1488 308 indaga
1507 253 1713 309 indagum
1740 254 1970 310 participia
1990 269 2023 294 ιο

291 339 409 365 aram
443 324 598 379 spiritu
631 325 775 365 futura
815 322 1079 378 praedicunt.
1180 328 1281 366 sunt
1314 340 1410 367 cum
1442 327 1492 365 ut
1524 327 1706 366 tantum.

229 394 388 437 Hiatus
444 395 616 450 proprie
675 397 740 436 est
798 394 937 436 omnis
994 395 1079 437 oris
1117 395 1283 452 Inguen
1316 396 1515 452 inguinis¹
1533 396 1703 451 generis
1729 396 1872 438 neutri
1897 412 1970 439 no-

289 467 455 521 apertio
478 467 691 508 translata
717 481 741 507 a
767 466 869 507 feris
897 480 1080 521 quarum
1177 482 1275 509 men
1312 471 1378 509 est
1422 469 1568 522 partes
1614 467 1806 522 corporis
1851 467 1971 510 iuxta

289 538 475 579 auiditas
501 537 672 578 hiatum
698 537 740 578 id
761 540 828 579 est
855 537 942 579 oris
965 552 1082 592 aper-
1178 539 1386 593 pudenda.

288 607 449 650 tionem
487 611 756 650 monstratur
788 608 885 650 inde
925 608 1083 651 dieitur
1120 609 1317 666 Inguinis
1333 625 1435 652 uero
1453 611 1494 651 in
1516 610 1701 652 latinum
1721 624 1878 652 nomen
1892 613 1969 653 est.

289 682 331 720 et
363 679 529 721 inhiare
561 679 603 720 id
631 683 698 721 est
724 679 851 722 alicui
883 679 945 721 rei
977 680 1079 722 acri·
1118 681 1469 724 Inclaudicabilis
1502 685 1545 723 et
1583 681 1878 724 inclausabilis
1909 681 1970 723 in·

289 753 355 792 ter
393 753 436 792 et
478 750 777 793 uehementius
820 751 1080 793 incumbere.
1179 753 1473 794 claudieabilis
1501 753 1552 794 ad
1579 753 1731 808 pedem
1758 752 1891 795 refert
1910 753 1972 795 in-

289 825 355 863 est
387 825 430 863 et
461 821 626 864 inhiare
663 823 884 864 intendere
917 823 1079 877 aliquid
1178 824 1415 865 clausibilis
1447 825 1498 865 ad
1531 824 1686 866 locum.

288 895 331 933 et
364 895 488 934 caute
527 881 772 949 prospicere
809 897 857 935 ut
894 894 930 935 si
971 894 1078 935 dica·
1117 894 1412 936 Inclaudibilis
1444 910 1546 937 uero
1579 895 1897 938 inrationabile.

290 979 383 1005 mus
417 965 659 1020 aruspicem
692 964 735 1005 in
769 968 867 1006 exta
900 965 1078 1006 inhiare.
1117 965 1341 1007 Ianuarius
1374 965 1530 1009 dicitur
1563 967 1722 1009 mensis
1757 967 1856 1008 iano
1889 967 1966 1009 deo
1991 981 2023 1007 15

228 1035 428 1090 Hirpices
461 1035 635 1078 tribula.
1178 1040 1386 1079 sacratus.

228 1106 366 1148 Hidra
405 1107 532 1148 draco
570 1107 653 1149 fuit
691 1108 929 1149 multorum
969 1108 1080 1162 capi·
1117 1109 1344 1151 Ianuarius
1383 1112 1449 1150 est
1488 1109 1601 1150 enim
1635 1110 1834 1165 princeps
1876 1110 1971 1152 deo-

288 1180 379 1219 tum
430 1178 551 1219 lerna
608 1178 777 1232 pallude
832 1179 1079 1232 prouinciae
1178 1196 1271 1222 rum
1306 1181 1429 1235 quasi
1472 1181 1619 1223 mundi
1652 1181 1721 1223 uel
1754 1181 1860 1223 caeli
1901 1181 1969 1223 uel

291 1249 529 1291 archadiae.
1180 1251 1367 1293 siderum
1399 1252 1468 1294 uel
1502 1252 1726 1294 mensium.

190 1320 399 1362 5Habilis
450 1320 608 1362 (licitur
653 1321 726 1376 qui
772 1336 815 1363 se
860 1322 995 1363 habet
1038 1321 1080 1363 id
1120 1322 1249 1364 Ianus
1295 1325 1440 1364 autem
1488 1323 1561 1378 qui
1607 1327 1672 1365 est
1715 1323 1884 1366 bifrons
1929 1326 1972 1366 et

287 1394 353 1433 est
384 1391 554 1447 integer
587 1395 630 1434 et
662 1391 800 1434 fortis.
1179 1393 1454 1449 quadrifrons
1475 1394 1641 1437 bifrons
1669 1395 1743 1450 qui
1766 1398 1809 1437 et
1836 1395 1972 1438 orien-

1178 1468 1267 1507 tem
1318 1468 1362 1507 et
1413 1466 1679 1508 occidentem
1728 1469 1876 1508 teneat
1929 1469 1972 1509 et

1177 1537 1416 1592 praeterita
1449 1538 1519 1579 1161
1557 1537 1706 1580 futura
1737 1540 1972 1594 cognoscat

1177 1607 1451 1664 quadrifrons
1516 1611 1702 1663 quatuor
1758 1608 1971 1651 elementa

1175 1681 1244 1722 uel
1277 1683 1475 1735 tempora
1500 1680 1569 1721 uel
1602 1680 1796 1722 cardines
1823 1680 1972 1722 mundi

270 1592 488 1636 INCIPIT
523 1594 637 1636 PER
672 1595 693 1636 Ι
725 1595 1035 1637 LITTERAM.

227 1677 415 1719 Infamia
446 1693 533 1720 non
566 1679 745 1720 dubium
772 1682 838 1721 est
872 1680 974 1734 quin
1007 1694 1076 1735 ge-

285 1749 399 1791 neris
422 1750 480 1791 sit
499 1749 708 1792 feminini.
740 1765 841 1792 nam
862 1750 898 1792 si
923 1754 1076 1793 neutro

287 1821 402 1862 dicas
446 1824 495 1863 ut
537 1820 660 1863 uerbi
705 1822 849 1877 gratia
898 1822 1078 1864 infamia

285 1892 454 1934 locutus
482 1895 548 1934 est
573 1893 706 1934 uerba
733 1893 869 1935 stabit
893 1893 1076 1948 quidem.

226 1963 446 2006 Incestum
472 1967 577 2019 puto
611 1979 670 2005 .a.
705 1965 895 2006 litteram
923 1965 1077 2007 debere

285 2035 470 2076 retinere
491 2036 542 2077 ab
565 2050 614 2077 eo
636 2036 749 2089 quod
771 2038 836 2077 est
862 2036 1078 2078 incastum

286 2106 406 2147 1161111
470 2109 662 2148 caestum
719 2107 866 2149 dicunt
927 2122 1078 2149 zonam

288 2176 500 2231 pelliciam
530 2177 699 2219 ueneris
724 2193 832 2232 quae
859 2178 1078 2234 legitimas

287 2248 460 2303 nuptias
487 2248 599 2304 ligat
631 2249 667 2289 si
696 2249 791 2304 quis
820 2262 922 2304 ergo
951 2249 1080 2290 alieni

287 2319 557 2374 legitimique
578 2319 845 2362 matrimonii
872 2320 966 2361 iura
991 2320 1081 2362 uio-

288 2390 444 2431 lauerit
488 2390 702 2433 incestum
747 2391 906 2433 dicitur
951 2391 1082 2433 admi-

289 2461 394 2502 sisse
427 2461 469 2502 id
497 2464 563 2502 est
590 2462 712 2516 quasi
740 2463 956 2504 castitatis
989 2462 1080 2504 uin-

289 2532 431 2573 culum
481 2546 717 2588 zonamque
768 2534 937 2576 ueneris
991 2534 1080 2576 uio-

287 2602 412 2644 lasse.

1174 1752 1288 1794 hunc
1315 1751 1492 1806 quidam
1523 1751 1666 1793 iouem
1700 1751 1875 1806 quidam
1907 1766 1972 1793 so-

1173 1824 1259 1865 lem
1287 1837 1381 1865 esse
1408 1822 1680 1864 erediderunt
1714 1821 1815 1877 quia
1845 1822 1970 1864 limes

1175 1897 1217 1936 et
1256 1895 1385 1936 ianua
1424 1896 1525 1935 sunt
1563 1894 1674 1936 anni.
1724 1893 1970 1935 februarius

1175 1966 1334 2008 mensis
1368 1981 1392 2007 a
1424 1965 1577 2006 februo
1615 1965 1658 2006 id
1691 1966 1756 2006 est
1787 1964 1970 2019 plutone

1175 2037 1247 2093 qui
1285 2036 1530 2078 ianuarium
1564 2035 1644 2078 diis
1687 2036 1883 2091 superius
1915 2036 1972 2077 fe-

1176 2108 1398 2150 bruarium
1417 2107 1498 2149 diis
1519 2107 1719 2149 manibus
1738 2121 1835 2149 cum
1856 2139 1969 2149 ......

1177 2194 1248 2222 car
1269 2192 1371 2234 ergo
1392 2178 1636 2220 februarius
1664 2193 1688 2220 a
1714 2179 1792 2220 deo
1819 2177 1970 2220 februo

1177 2251 1220 2292 id
1247 2253 1312 2292 est
1338 2249 1514 2305 plutone
1542 2251 1702 2292 mensis
1727 2248 1970 2291 februarius

1178 2321 1318 2363 dictus
1346 2323 1412 2362 est
1436 2323 1592 2362 natura
1617 2320 1747 2363 febre.
1785 2321 1969 2363 martius

1179 2392 1332 2434 martis
1396 2392 1545 2446 aprilis
1613 2392 1782 2434 ueneris
1847 2391 1970 2447 quasi

1179 2463 1355 2519 aproilis
1406 2462 1507 2518 quia
1563 2477 1716 2518 graece
1766 2478 1791 2505 a
1845 2462 1971 2518 prodi

1177 2538 1332 2577 tuenus
1383 2534 1540 2576 dicitur
1585 2535 1699 2589 quod
1743 2549 1794 2576 ex
1837 2534 1969 2577 maris

1178 2620 1332 2661 spuma
1376 2604 1544 2647 dicatur
1587 2619 1679 2646 esse
1729 2605 1970 2661 progenita.

229 2674 358 2715 lndea
391 2688 486 2715 cum
520 2690 543 2716 a
577 2675 859 2718 scribendum.
1178 2677 1327 2732 aprilis
1368 2676 1481 2718 enim
1521 2690 1672 2731 graece
1712 2690 1865 2730 spuma
1901 2678 1969 2718 est

322 2819 353 2850 2.
380 2818 564 2851 monstrat
589 2828 606 2851 6
628 2818 633 2861 l
656 2816 753 2851 idest
784 2839 819 2842 —
850 2818 906 2851 est
932 2818 969 2851 et
994 2817 1139 2852 inhiare
1164 2827 1228 2852 om.
1256 2829 1280 2852 α
1304 2818 1316 2862 ΙΙ
1346 2820 1378 2852 4.
1406 2816 1518 2851 draco
1544 2827 1587 2852 ea:
1612 2816 1723 2852 droco
1749 2828 1773 2852 a
1795 2817 1808 2862 ΙΙ
1839 2819 1870 2852 6.
1900 2815 1969 2851 ΙΝ-

229 2873 421 2908 CIPIVNT
435 2888 458 2909 (ι
477 2878 488 2920 ῙΙ
510 2879 538 2911 7,
555 2875 682 2921 gracia
696 2888 717 2910 α
741 2879 744 2920 Ι
767 2876 941 2920 loquutus
957 2888 974 2912 6
993 2879 1004 2921 ΙΙ
1025 2880 1054 2911 8.
1071 2877 1254 2911 Incertum
1269 2888 1291 2911 a
1313 2878 1318 2920 Ι
1341 2876 1507 2910 caestum
1522 2876 1552 2910 b.
1575 2876 1720 2909 castum
1735 2887 1761 2910 6.
1785 2875 1911 2910 extum
1924 2874 1966 2922 αΙ

229 2932 425 2977 pelliceam
447 2935 505 2968 w:
531 2934 719 2979 pelliciam
744 2935 785 2970 as
807 2936 811 2979 Ι
834 2935 1042 2981 legittimas
1068 2947 1091 2970 a
1113 2939 1116 2979 Ι
1140 2935 1328 2980 ingestum
1353 2947 1376 2970 a
1395 2936 1407 2979 ΙΙ
1428 2937 1480 2968 12.
1508 2944 1595 2968 uero
1622 2939 1636 2969 ἶ
1663 2936 1711 2978 611
1733 2938 1785 2968 13.
1812 2933 1971 2968 refertur

230 2996 314 3027 ante
339 3003 427 3027 corr.
445 2994 463 3027 b
483 2996 494 3037 ΙΙ
516 2998 557 3027 14
596 2993 861 3028 inrationabile
884 2994 931 3039 (le
953 3007 996 3029 61
1015 2993 1077 3039 115)
1097 3006 1120 3029 a
1139 2996 1150 3038 ΙΙ
1172 2998 1226 3029 15.
1253 2993 1390 3029 mensis
1404 3004 1469 3029 om.
1491 3005 1514 3028 a
1532 2994 1544 3038 ΙΙ
1565 2996 1618 3028 17.
1640 2993 1685 3028 de
1705 2992 1888 3027 mensium
1905 3003 1969 3038 ap-

230 3050 432 3096 pellatione
450 3054 487 3086 ln
509 3065 617 3098 »zai-9.
634 3055 653 3088 b
670 3056 674 3099 l
691 3053 907 3097 quadrifons
923 3066 945 3088 a
959 3053 963 3100 Ι
982 3055 1019 3088 et
1033 3053 1096 3098 qui
1111 3058 1195 3088 ante
1209 3065 1298 3089 corr.
1315 3054 1334 3088 b
1351 3053 1356 3099 Ι
1373 3064 1395 3087 a
1407 3051 1539 3087 februa
1553 3063 1570 3087 6
1583 3056 1615 3088 et
1628 3056 1711 3088 ante
1723 3063 1814 3088 corr.
1829 3052 1849 3087 b
1862 3050 1868 3098 Ι
1881 3050 1971 3096 quia

232 3111 271 3145 in
295 3122 408 3157 mary.
431 3110 466 3146 b²
496 3111 500 3157 Ι
522 3112 672 3158 natura]
700 3122 788 3146 nam
814 3124 902 3148 corr.
924 3114 961 3148 ⁷0²
984 3114 988 3156 Ι
1011 3112 1172 3148 marcius
1199 3125 1222 3148 α
1251 3115 1256 3158 Ι
1280 3111 1456 3157 aprodita
1480 3122 1596 3146 uenus
1623 3112 1661 3158 (u
1683 3115 1702 3147 1
1722 3122 1800 3157 sup.
1818 3112 1901 3156 scr.)
1919 3112 1939 3146 b
1963 3110 1967 3158 Ι
