2216 3402
222 128 277 169 96

282 236 481 293 quamuis
523 236 705 276 ebernus
746 232 861 287 quod
900 232 1076 273 natibus

281 310 494 365 figuratus
516 309 609 348 erat
630 304 774 360 pullus
802 304 914 345 iouis
936 303 1076 346 dictus

282 380 423 435 pullos
457 379 630 434 quidem
669 376 852 418 dicimus
885 374 1077 417 omnium

283 452 428 493 auium
465 452 593 491 natos
637 448 711 490 sed
743 451 786 489 et
826 447 1078 489 animalium

282 521 608 577 quadrupedum
647 520 850 562 dicuntur
887 519 996 574 pulli
1035 522 1079 561 et

280 594 411 636 homo
446 607 606 647 paruus
638 590 783 646 pullus
816 593 883 632 est
914 591 986 632 uel
1017 605 1079 632 re-

284 681 382 708 cens
403 665 496 707 nati
516 663 625 719 pulli
646 663 758 718 quod
786 662 945 717 polluit
965 663 1077 704 unde

281 741 324 779 et
356 737 494 779 uestis
527 735 654 791 nigra
685 734 805 789 pulla
838 735 954 777 dicta
987 737 1052 776 est

221 810 388 852 Puncta
422 807 634 864 particule
668 806 853 861 quedam
887 806 1079 848 orarium

283 879 348 938 (de
372 877 446 936 91.)

223 953 350 995 Ρ11101
372 953 469 994 1003
482 951 656 994 defossa
670 966 720 992 ex
737 950 893 1005 quibus
910 949 1080 991 311111111-

281 1028 353 1066 1111
379 1039 487 1080 aque
515 1026 557 1065 et
584 1026 685 1066 sunt
711 1022 882 1079 generis
915 1036 1081 1063 11138011-

282 1097 360 1138 11111

223 1168 370 1210 Putris
410 1168 580 1224 generis
619 1170 686 1209 est
725 1165 966 1208 communis
1008 1164 1078 1206 hic

283 1243 326 1281 et
358 1240 435 1282 hec
466 1239 608 1294 putris
635 1239 698 1280 1111
726 1241 769 1279 01
793 1235 895 1293 hel)
928 1238 1078 1291 putres

280 1312 386 1353 facit
428 1314 583 1353 neutro
628 1311 711 1353 hoc
752 1312 878 1365 putre
918 1311 960 1350 et
998 1308 1079 1362 hec

282 1384 430 1439 putria

222 1527 333 1584 Quid
364 1527 450 1569 nisi
483 1541 614 1581 quare
647 1540 735 1567 non

187 1620 202 1641 f,
225 1599 437 1648 Quocirca
480 1613 558 1653 pro
605 1597 764 1639 idcirco
815 1598 995 1651 ponitur
1037 1596 1081 1638 id

283 1673 349 1712 est
381 1684 466 1724 qua
503 1670 554 1710 de
593 1684 638 1710 re
678 1672 755 1710 aut
792 1668 828 1710 si
871 1668 988 1711 dicas
1020 1667 1081 1710 iu-

283 1742 367 1784 dici
411 1741 484 1783 ille
528 1740 636 1782 mihi
680 1755 772 1781 rem
815 1740 921 1782 iuris
973 1740 1080 1782 mihi

284 1814 382 1855 inde
415 1813 506 1855 uite
539 1812 735 1868 peruasit
773 1812 956 1855 conueni
990 1811 1080 1853 sine

282 1885 358 1926 lite
404 1898 492 1926 non
530 1885 672 1926 reddit
711 1883 914 1939 quocirca
954 1883 1082 1924 iudex

283 1960 330 1997 tu
375 1955 483 1998 mihi
527 1971 577 1998 03
621 1956 866 1998 iustitiatur
906 1955 1081 1997 restitui

282 2028 382 2069 iube

223 2098 465 2154 Quodpiam
504 2099 721 2154 quoddam
754 2102 797 2141 et
836 2102 902 2141 est
934 2099 1080 2142 neutri

284 2171 454 2227 generis

224 2301 391 2357 Rapter
422 2302 673 2358 frequenter
705 2303 850 2358 rapiar

224 2373 432 2416 Rationes
482 2374 732 2416 huiusmodi
783 2374 973 2416 saltabat
1027 2374 1077 2416 si-

282 2445 484 2487 militudo
524 2449 600 2487 aut
639 2448 756 2487 retro
796 2448 839 2487 et
876 2446 1078 2501 precipue

283 2517 568 2571 pantomimis
597 2517 670 2573 qui
704 2518 783 2559 sub
817 2518 914 2559 aliis
947 2519 1081 2560 mani-

282 2588 364 2630 bus
389 2588 497 2630 alias
523 2587 732 2631 historias
754 2589 863 2631 aliut
882 2589 1082 2645 intellegi

284 2660 439 2701 uolunt

225 2731 434 2773 Recalent
467 2732 605 2773 adhuc
634 2732 775 2774 calent
802 2732 925 2787 quasi
960 2732 996 2774 si
1023 2732 1082 2773 di-

738 120 972 157 PLACIDVS
999 119 1128 155 LIBRI
1154 117 1445 155 GLOSSARVM

1177 231 1324 271 0010111
1356 230 1399 270 01
1431 241 1519 269 11011
1558 226 1739 281 longum
1772 229 1838 267 est
1870 229 1975 268 tem-

1175 316 1256 356 pus
1291 300 1405 355 quod
1438 299 1614 340 fuerunt
1647 295 1714 353 (de
1741 295 1816 353 yl.)

1117 371 1340 414 Recensiti
1383 369 1485 412 libri
1534 383 1622 410 11011
1663 369 1827 410 recenti
1872 382 1974 424 quo-

1177 443 1305 485 modo
1338 441 1538 498 preuenti
1569 455 1656 482 non
1688 440 1858 495 preneti

1117 514 1291 556 Recidit
1323 513 1477 556 incidit

1118 586 1290 628 Recidit
1322 586 1498 628 deuenit

1119 657 1308 700 Recutiti
1341 658 1457 712 iudei

1117 730 1311 772 Redibue
1333 730 1536 772 dicuntur
1563 728 1703 783 spolia
1725 730 1976 791 serpentum

1179 801 1336 856 quibus
1353 800 1585 856 quodquod
1601 799 1725 842 3111118
1744 803 1977 843 senescunt

1181 887 1274 914 sese
1307 875 1465 914 exeunt
1493 872 1616 927 quasi
1644 872 1801 927 quibus
1835 872 1977 914 exutis

1178 944 1223 985 in
1274 944 1497 986 iuuentam
1544 944 1725 985 redeunt
1776 943 1978 986 dicuntur

1180 1015 1294 1057 enim
1327 1015 1504 1069 indubie
1538 1015 1718 1056 exubiae
1752 1015 1955 1057 redubiae

1118 1087 1315 1129 Redimie
1342 1101 1411 1129 res
1435 1101 1518 1144 que
1540 1087 1812 1129 redimuntur
1838 1103 1863 1129 a
1882 1102 1975 1143 pre·
2015 1109 2031 1135 5

1177 1159 1362 1201 donibus

1116 1229 1313 1287 Redun2)
1366 1230 1462 1272 nasi
1508 1231 1759 1273 subrectum
1804 1246 1976 1273 sursum

1176 1317 1353 1344 uersum
1374 1305 1603 1344 curuatum
1625 1303 1694 1344 cui
1710 1303 1977 1345 contrarium

1178 1377 1245 1417 est
1290 1374 1509 1417 obuncum
1555 1374 1758 1417 deorsum
1805 1389 1977 1417 uersum

1178 1448 1407 1488 curuatum

1119 1517 1318 1560 Referuit
1350 1517 1512 1559 iterum
1544 1518 1726 1560 recaluit

1120 1589 1361 1645 Hegionem
1394 1589 1511 1631 intra
1537 1588 1657 1645 degit
1689 1590 1832 1644 petico
1859 1605 1978 1632 more

1178 1660 1284 1703 fecit
1333 1676 1436 1702 nam
1481 1660 1518 1702 si
1562 1661 1765 1703 uolumus
1816 1663 1978 1705 rectius

1178 1732 1300 1787 loqui
1349 1732 1526 1788 regione
1573 1732 1692 1788 degit
1737 1735 1813 1775 aut
1862 1732 1980 1775 intra

1180 1803 1357 1860 regione
1408 1804 1592 1846 dicimus
1638 1806 1682 1845 et
1730 1805 1980 1860 postposuit

1179 1876 1527 1931 preposicionem
1561 1878 1604 1917 et
1635 1876 1824 1930 perdidit
1861 1877 1980 1919 uiam

1181 1962 1305 1989 suam
1337 1950 1387 1989 ut
1419 1947 1465 1989 in
1497 1950 1590 1989 arte
1622 1947 1810 2003 legimus

1120 2019 1316 2074 Regulus
1348 2033 1507 2061 nomen
1534 2018 1749 2074 serpentis
1781 2019 1977 2062 basilisci

1182 2088 1247 2147 (de
1271 2088 1345 2146 yl.)

1119 2162 1346 2218 Regumen
1390 2161 1586 2218 regimen
1623 2177 1758 2204 unum
1797 2165 1865 2205 081
1903 2163 1978 2205 sed

1177 2236 1357 2288 propter
1401 2233 1663 2288 euphoniam
1713 2234 1869 2276 melius
1914 2249 1977 2276 re-

1178 2305 1325 2360 gimen

1118 2375 1352 2432 Relegabit
1396 2376 1443 2418 in
1486 2377 1615 2418 exilio
1655 2377 1801 2432 aliquo
1846 2378 1977 2434 longe

1178 2447 1300 2489 misit
1333 2446 1398 2503 (de
1425 2448 1499 2504 ql.)

1123 2519 1298 2575 Relegit
1331 2520 1524 2575 sublegit

1118 2589 1403 2645 Reliquatum
1430 2591 1709 2633 metaforicos
1737 2591 1902 2634 dictum
1928 2593 1977 2634 li-

1181 2664 1362 2716 quatum

1121 2732 1313 2789 Relugas
1363 2737 1652 2789 preponentes
1703 2734 1785 2777 hac
1835 2736 1976 2792 magis

322 2852 356 2891 1)
390 2861 408 2896 ς
435 2860 480 2884 eoe
505 2859 547 2883 00
571 2861 616 2884 m.
632 2852 653 2884 1
687 2851 698 2895 ΙΙ
731 2851 765 2895 2)
793 2853 877 2894 post
902 2833 1020 2884 redun
1046 2850 1183 2885 lacuna
1208 2852 1219 2894 ΙΙ

226 2944 511 2989 quadrupedum
531 2944 668 2979 dicitur
687 2946 698 2990 ΙΙ
718 2949 749 2981 2.
777 2944 1002 2980 hauriuntur
1027 2943 1066 2990 (h
1087 2956 1131 2980 m.
1149 2947 1184 2989 ὁ)
1205 2946 1217 2990 ΙΙ
1237 2948 1268 2980 3.
1295 2944 1350 2979 hii
1370 2946 1408 2980 et
1433 2946 1525 2981 haec
1549 2948 1553 2991 Ι
1575 2948 1750 2982 110111111111
1774 2958 1819 2983 eoe
1842 2948 1975 2982 neutro

225 3014 314 3038 corr.
351 3005 356 3049 Ι
389 3003 474 3051 hcc]
503 3015 547 3040 ex
577 3007 588 3050 ΙΙ
622 3008 653 3040 4.
683 3004 779 3046 Quid
805 3005 926 3050 111115.
962 3003 1133 3049 prouasit
1154 3006 1159 3048 Ι
1181 3003 1334 3039 iusticia
1358 3005 1424 3039 tua
1450 3007 1461 3050 ΙΙ
1488 3010 1518 3040 6.
1548 3005 1761 3051 Quodpium
1785 3008 1797 3052 ΙΙ
1825 3011 1857 3042 8.
1883 3017 1975 3052 pan—

225 3061 376 3096 tominis
417 3067 422 3106 1
463 3063 613 3099 istorias
650 3066 661 3109 ΙΙ
700 3068 755 3100 11.
783 3064 940 3100 Recedit
982 3065 994 3109 ss
1039 3067 1092 3104 14..

1125 3063 1296 3099 Redibue
1322 3075 1367 3100 ex
1391 3063 1539 3098 Redibu
1565 3076 1656 3101 corr.
1698 3066 1704 3112 Ι
1743 3065 1939 3100 inuentum
1967 3065 1972 3115 Ι

225 3134 350 3169 murglo
377 3124 490 3159 absc„-
515 3135 607 3159 nom.
636 3129 731 3160 auct.
759 3125 853 3160 deest
883 3126 894 3168 Η
928 3128 981 3159 16.
1009 3123 1201 3159 Reducum
1233 3126 1244 3169 11
1278 3128 1331 3159 18.
1358 3123 1676 3169 praepositionem
1707 3127 1719 3170 ΙΙ

1997 392 2030 416 10

1996 2211 2032 2236 20
