2221 3490
253 136 339 177 656

252 243 472 285 Lautitiae
506 255 697 283 carceres

252 314 486 356 Lautomia
518 313 715 354 custodia
749 312 933 354 carceris

254 384 485 427 Lautomia
508 382 708 426 uincula''
732 381 939 426 uerbera''
961 386 1113 424 catene

315 471 458 499 carcer
490 457 614 497 nerui
648 455 845 497 custodia

257 530 474 571 Liburnus
508 528 687 570 nuntius
838 517 845 523 .

220 612 235 637 5
256 602 495 643 Liburnum
528 614 665 655 genus
697 599 888 640 uehiculi

255 672 440 714 Liburni
478 672 521 713 id
556 675 623 714 est
661 671 862 713 homines
901 669 1115 712 lecticarii

316 744 386 786 uel
417 758 653 799 praecones

258 816 516 871 Loripedem
538 815 668 857 loreis
702 814 744 871 (e
765 829 795 857 S.
816 814 912 870 scr.)
935 814 1118 869 pedibus

318 888 538 930 hominem
591 902 720 942 quem
772 889 816 928 et
868 886 1120 941 antipodem

320 959 503 1002 dicimus

261 1032 487 1087 Loripedis
520 1031 651 1073 tortis
686 1031 867 1086 pedibus

261 1104 399 1147 Lodix
431 1104 568 1145 uestis
602 1103 672 1145 uel
704 1103 824 1144 ludix
858 1118 882 1144 a
915 1103 1028 1144 ludis

211 1188 243 1213 ιο
263 1176 380 1231 Lyde
416 1191 572 1218 aranea
604 1190 757 1231 grecae

263 1247 529 1289 Lautumnia
561 1248 762 1289 custodia
794 1248 978 1289 carceris

264 1319 561 1361 Lautumnum
619 1319 821 1374 supplicii
879 1333 1016 1375 genus
1071 1320 1123 1360 ad

324 1392 643 1433 uerberandum
676 1394 829 1446 aptum

265 1464 496 1506 Lecticalis
531 1463 604 1518 qui
637 1463 821 1505 lectulos
855 1463 963 1505 facit

266 1535 472 1577 Lemures
505 1535 651 1576 laruae
690 1538 929 1577 nocturnae
970 1533 1047 1592 (ql.
1081 1537 1126 1576 iu

326 1622 457 1661 mai-y.
490 1608 583 1648 aad.
618 1607 670 1648 al.
705 1605 778 1663 m.)

214 1691 247 1716 15
268 1679 483 1721 Lurcatur
504 1679 685 1720 deuorat
711 1679 810 1720 inde
839 1680 1039 1721 lurcones
1061 1679 1127 1720 de-

328 1753 532 1793 uorantes
566 1753 610 1791 et
643 1751 845 1806 glutones

270 1823 488 1865 Elenchos
523 1836 717 1878 gemmas
751 1837 838 1864 non
870 1823 1092 1878 longiores

270 1895 416 1936 Elissa
449 1895 547 1936 dido

271 1966 469 2008 Emerita
499 1965 654 2007 ciuitas
687 1965 914 2020 hispaniae

270 2038 539 2080 Endromida
571 2037 754 2092 pallium
786 2038 1037 2093 philosophi
1065 2041 1131 2080 est

221 2124 254 2147 20
273 2110 532 2165 Ephemeris
561 2110 720 2151 dicitur
742 2113 972 2165 compotus
1001 2113 1131 2152 mate-

333 2181 482 2224 matici
517 2182 790 2238 singulorum
824 2182 990 2224 dierum
1025 2183 1133 2224 side-

334 2269 430 2295 rum
462 2254 532 2295 uel
566 2254 793 2295 stellarum
827 2268 977 2296 cursus

275 2327 477 2382 Ergenna
511 2325 711 2367 sacerdos

274 2398 456 2440 Escaria
495 2396 697 2439 dicuntur
736 2412 842 2438 uasa
883 2398 1052 2439 minora
1090 2397 1135 2438 in

829 131 1042 168 GLOSSAE
1068 130 1442 165 IVVENALIANAE

1153 240 1391 282 Varicosus
1437 238 1626 281 obtortis
1671 238 1835 293 plantis
1880 242 1923 280 et
1966 239 2013 281 in

1212 312 1433 353 diuersum
1467 310 1679 364 separatis
1712 308 1785 367 (ql.
1811 311 1858 352 in
1883 325 2012 365 mary.

1212 384 1306 425 add.
1339 383 1394 424 al.
1426 379 1500 437 m.)

1152 454 1334 497 Varicat
1367 454 1565 495 ambulat
1598 454 1780 495 diuertit
1811 454 1911 496 inde
1943 470 2014 496 ua·
2034 464 2069 490 25

1211 526 1323 567 ricat
1362 528 1406 567 et
1448 525 1658 567 distendit
1703 523 1766 582 (et
1806 525 2017 568 distendit

1213 598 1307 640 add.
1340 598 1393 638 al.
1428 595 1499 653 m.)

1155 669 1393 711 Varicosus
1449 669 1493 711 id
1553 673 1620 712 est
1672 672 1848 725 apertus
1898 668 2019 711 incli-

1216 741 1359 783 nando
1393 756 1437 783 se
1472 742 1581 783 satis
1622 742 1725 784 licet
1758 745 1802 783 et
1841 741 2020 783 humen-

1218 812 1352 855 tiores
1391 813 1517 855 nerui
1558 828 1809 869 uenaequae
1851 812 2020 855 uarices

1218 885 1419 927 dicantur

1162 956 1354 1012 Vapidus
1382 972 1407 998 a
1432 971 1594 1012 uapore
1623 955 1693 1013 (μί.
1712 958 1760 999 in
1779 972 1908 1012 onam.
1927 958 2021 999 add.

1219 1029 1273 1071 αῖ.
1306 1026 1380 1085 m.)

1160 1099 1307 1142 Vbeta
1338 1100 1561 1142 terrestris
1596 1115 1701 1142 rana

1160 1172 1397 1214 Viscantur
1429 1172 1687 1227 polluuntur

1161 1244 1561 1287 Vomicestomachi
1595 1244 1828 1286 dissolutio

1162 1316 1350 1358 Vrbicus
1384 1331 1544 1358 nomen
1577 1316 1736 1358 scenici

1164 1388 1391 1431 Natricem
1431 1388 1625 1443 explodit
1669 1390 1915 1442 serpentem
1959 1402 2026 1429 ex—

1226 1461 1361 1503 cludit
1395 1464 1438 1502 et
1471 1460 1649 1516 expellit

1165 1532 1386 1575 Niceteria
1418 1532 1632 1574 filacteria

1164 1605 1345 1647 Nifaten
1376 1605 1559 1646 fluuium

1167 1676 1342 1719 Nouilis
1370 1677 1572 1719 omnibus
1599 1679 1731 1718 notus
1757 1675 1919 1718 nobilis
1945 1675 2028 1718 cla·
2049 1684 2082 1710 35

1226 1764 1300 1791 rus
1334 1747 1406 1806 (ql.
1434 1749 1480 1790 in
1506 1762 1635 1802 victry.
1663 1749 1757 1790 add.
1783 1749 1838 1790 al.
1864 1745 1938 1803 m.)

1169 1821 1344 1863 Nothus
1378 1820 1731 1875 amphemerinus
1767 1819 1812 1861 id
1845 1822 1912 1862 est
1942 1834 2032 1861 non

1228 1908 1358 1935 uerus
1392 1892 1635 1934 cotidianus

1170 1965 1345 2007 Nothus
1378 1964 1568 2006 tritheus
1600 1963 1644 2005 id
1678 1965 1744 2005 est
1782 1978 1871 2005 non
1902 1977 2030 2004 uerus

1231 2036 1446 2079 tertianus

1170 2108 1346 2151 Nothus
1369 2108 1636 2149 tetrartheus
1658 2107 1701 2148 id
1716 2109 1783 2148 est
1802 2121 1890 2148 non
1904 2121 2032 2148 uerus

1233 2183 1472 2236 quartanus

1172 2252 1375 2295 Numbus
1410 2266 1546 2307 genus
1579 2250 1778 2306 pisciculi
1812 2249 1968 2304 optimi

1172 2325 1338 2366 Ramex
1370 2324 1527 2379 hyrma
1558 2321 1633 2380 (yl.
1664 2322 1711 2364 in
1742 2320 1891 2375 mary.)

1175 2396 1347 2438 Rabula
1378 2394 1555 2436 rabidus

2052 2330 2090 2355 40

337 2470 493 2525 quibus
522 2484 620 2511 esca
646 2469 773 2510 datur
796 2484 904 2524 quae
932 2469 1136 2511 dicuntur
1167 2467 1292 2510 Rasa
1319 2467 1498 2509 subtilia
1520 2466 1686 2508 colores
1716 2467 1817 2507 sunt
1843 2464 2036 2506 uestium

337 2557 490 2598 grecae
524 2528 794 2586 ZKOZFEAAI

277 2614 513 2656 Etruscum
540 2629 694 2655 aurum
720 2613 891 2669 insigne
919 2613 1136 2654 libertatis

1235 2540 1467 2581 mulierum
1489 2536 1614 2594 (hane
1628 2538 1684 2592 φῖ.
1699 2541 1737 2579 εἰ
1754 2539 1930 2579 43-45
1949 2537 2037 2578 alia

1237 2626 1289 2652 m.
1323 2610 1436 2667 add.)

342 2686 457 2741 quod
496 2686 653 2727 diuites
693 2685 739 2726 in
778 2700 882 2726 auro
918 2685 1140 2726 habebant
1178 2683 1408 2725 Rhombus
1441 2697 1578 2738 genus
1610 2681 1744 2736 piscis

339 2772 549 2812 pauperes
595 2758 640 2799 in
678 2758 785 2799 loro.
830 2756 995 2798 bullam
1036 2756 1141 2798 dicit
1178 2754 1326 2796 Rubre
1343 2755 1546 2796 dicuntur
1565 2754 1684 2809 leges
1700 2766 1785 2807 qua
1804 2751 2033 2806 percinna-

341 2845 469 2884 quam
503 2829 686 2871 etruscis
731 2827 852 2884 (corr.
885 2842 934 2870 ex
966 2828 1140 2869 etrusti-

342 2900 423 2957 cis)
459 2901 665 2943 oriundus
693 2899 938 2955 tarquinius
972 2899 1141 2941 inuenit

1237 2827 1380 2868 barim
1414 2825 1718 2868 scribebantur

1182 2898 1277 2940 Yno
1310 2899 1414 2940 uino
1448 2911 1578 2954 greco
2058 2902 2092 2928 4⁵
2134 2944 2139 2951 ‚
