2221 3490
461 155 719 191 EXCERPTA
744 155 809 189 EX
835 154 1008 190 CODICE
1036 146 1284 190 VATICANO
1312 154 1420 190 REG.
1448 153 1630 189 CHRIST.
1663 157 1752 187 1048

226 265 413 308 Foreum
445 280 539 307 esse

228 336 503 380 Glomerauit
534 338 667 380 insini
694 338 763 380 uel
792 338 914 394 globi
941 340 1087 379 rotun-

287 410 386 452 dam
419 410 554 452 efficit

226 481 360 523 Freta
392 482 530 524 maria

228 553 407 595 Ambite
435 554 699 596 circumdate
721 556 764 595 et
790 553 934 594 13611111
953 567 1088 593 unum

1898 153 1983 194 547

1187 265 1260 306 sed
1287 268 1331 306 et
1357 268 1564 321 stagnum
1591 264 1746 306 stando
1775 263 1892 305 dicta
1911 264 1986 305 ubi

1186 352 1299 392 aqua
1329 337 1457 393 pigra
1489 339 1556 378 est

1128 408 1331 450 Oblicum
1364 409 1576 450 deuexum
1609 408 1838 450 decursum
2005 423 2021 447 5

1128 480 1296 521 Partim
1330 479 1471 521 diuisa
1509 495 1585 535 per
1622 483 1769 535 partes
1808 480 1988 521 liberior

1186 551 1352 607 largior
1375 597 1380 601 ,

228 903 268 950 V
323 902 665 950 EXCERPTA
701 902 784 948 EX
813 901 1039 949 CODICE
1068 901 1396 949 VATICANO
1426 901 1567 950 REG.
1596 903 1840 951 CHRIST.
1874 906 1990 951 1048

995 993 1152 1039 (saecun
1177 993 1224 1039 X)

224 1093 422 1149 Adeptus
455 1094 687 1136 adsecutus
719 1091 966 1147 adquesiuit
998 1090 1089 1149 (ad-
1130 1091 1276 1134 Cretio
1312 1095 1457 1147 certus
1491 1092 1658 1135 dierum
1691 1109 1895 1136 numerus

285 1166 468 1222 quisiuit
501 1181 602 1209 corr.
629 1163 745 1222 mZ)
1128 1163 1385 1207 Celebratus
1418 1165 1624 1208 uiduatus

225 1239 456 1295 Ademptis
491 1238 617 1280 tultis
1131 1235 1335 1292 Calonissf
1361 1238 1399 1292 (s
1426 1235 1501 1294 εν.)
1534 1239 1649 1280 serui

225 1310 382 1353 Abluti
414 1310 615 1353 mundati
1129 1307 1301 1363 Capita]
1335 1324 1476 1364 poena
1509 1311 1710 1366 capitalis

154 1417 158 1420 .
222 1382 531 1439 Ambiguitate
565 1382 787 1424 dubietate
1128 1380 1378 1436 Coeperunt
1411 1386 1736 1438 occupauerunt
2012 1397 2046 1421 30

189 1465 204 1490 5
228 1455 460 1510 Adpetitus
495 1455 732 1497 aduocatus
1129 1451 1308 1508 01611616
1353 1453 1489 1496 furari
1535 1453 1575 1512 (i
1603 1469 1652 1497 ex
1678 1470 1700 1497 6
1726 1455 1849 1513 me)
1896 1457 1992 1498 31111-

223 1526 522 1570 Adnitendum
555 1527 832 1570 abiciendum
1187 1525 1329 1581 ripere

1130 1598 1372 1654 Corruptor
1417 1600 1588 1642 adulter
1629 1601 1890 1644 libidinosus
1932 1602 1992 1644 in-

1192 1674 1419 1714 cestuosus
1441 1671 1532 1728 (ces
1553 1687 1602 1715 ex
1623 1687 1692 1715 cer
1712 1677 1826 1729 m.2)
1849 1677 1993 1716 conta-

1190 1744 1383 1786 minatur
1417 1745 1677 1788 criminosus
1709 1746 1957 1789 luxoriosus

225 1600 484 1643 Ambiamus
519 1600 835 1655 amplectamus

224 1672 402 1715 Adtolle
436 1672 556 1714 adfer

228 1744 487 1800 Alienigena
519 1745 699 1788 alterius
733 1745 879 1801 gentis

176 1827 207 1852 10
225 1815 419 1858 Actenus
435 1832 571 1872 usque
590 1832 704 1859 nunc
718 1817 788 1859 uel
802 1832 939 1872 usque
962 1817 1089 1859 modo

1129 1875 1418 1933 Detemptum
1456 1878 1717 1934 rescriptum

1131 1948 1380 1992 Difficulter
1413 1949 1590 1993 difficile

1131 2021 1308 2064 Deditio
1342 2026 1583 2078 spontanea
1615 2024 1794 2065 traditio
2015 2036 2049 2061 3⁵

1132 2094 1355 2150 Depactus
1389 2094 1614 2150 pollicitus
1649 2095 1826 2151 spondit

1132 2166 1425 2222 Depeculatus
1445 2168 1732 2222 depraedatus
1747 2168 1994 2223 expoliatus

1132 2239 1278 2282 Durus
1312 2255 1464 2282 seruus

1131 2311 1321 2353 Duraria
1354 2312 1513 2354 ancilla

226 1888 562 1931 Animaduersio
585 1890 803 1931 sententia
825 1890 869 1931 in
886 1905 958 1932 reo
975 1890 1091 1932 (licta

224 1959 443 2002 Alumnus
476 1961 691 2003 nutricius

225 2032 466 2075 Abiurasse
499 2033 782 2089 intercepisse
817 2035 1008 2090 periuria

227 2105 453 2148 Aeciditur
486 2106 724 2148 aduocatur

172 2189 206 2214 15
226 2177 435 2220 Adtestat
469 2178 771 2220 testimonium
804 2179 879 2221 dat

231 2284 528 2330 Conseruntur
560 2289 794 2342 portantur

227 2357 490 2414 Conspirare
529 2359 689 2401 malam
723 2374 851 2416 agere
890 2361 1094 2403 uolunta—

286 2433 377 2473 tem
1130 2431 1339 2474 Essentia
1375 2433 1428 2474 ab
1463 2447 1556 2474 esse
1590 2433 1707 2475 dicta
2014 2447 2049 2471 40

228 2502 466 2558 Casslreant
498 2505 684 2559 perdant
1131 2503 1393 2547 Exorbitare
1409 2505 1598 2547 alienare
1620 2505 1690 2547 uel
1705 2507 1828 2547 extra
1843 2506 1995 2547 urbem

228 2574 496 2618 Commertia
528 2575 570 2618 id
605 2579 673 2619 est
704 2578 915 2633 mysteria
1192 2577 1287 2618 fieri

1132 2648 1329 2691 Excessu
1361 2649 1636 2693 dubitatione

1131 2721 1398 2763 Erciscunde
1432 2722 1590 2764 diuisio
1623 2722 1880 2764 hereditatis

173 2660 208 2685 20
229 2647 542 2703 Competenter
575 2649 884 2692 conuenienter

229 2719 434 2763 Conditio
474 2720 725 2777 ingenuitas
760 2721 851 2763 siue
888 2722 998 2778 legis
1032 2722 1093 2764 in-

288 2795 535 2848 temperata
567 2790 738 2850 (perata
772 2794 865 2836 add.
893 2792 1009 2851 m2)
1131 2790 1352 2849 Excerpta
1386 2808 1564 2836 excarsa

230 2862 474 2907 Conciliare
506 2865 734 2920 pacificare
1133 2865 1376 2921 Explorato
1408 2867 1596 2921 probato
1627 2869 1671 2907 et
1702 2866 1967 2921 praemitato
2014 2878 2049 2903 4⁵

231 2935 366 2978 Cesar
398 2936 637 2992 imperator
666 2936 781 2979 idem
809 2940 853 2979 et
880 2941 1094 2994 augustus
1134 2933 1327 2979 Edentat
1357 2938 1508 2980 dentes
1541 2938 1708 2980 excutit

230 3006 490 3050 Consultum
523 3008 734 3051 iudicium
771 3009 965 3052 sinodale
1134 3009 1312 3052 Effebus
1344 3024 1453 3065 puer
1485 3010 1577 3052 sine
1609 3010 1748 3052 barba

176 3091 209 3116 2⁵
231 3079 380 3136 Caupo
423 3080 676 3137 negotiator
720 3079 790 3138 (or
816 3095 866 3124 ex
893 3097 944 3124 ur
976 3081 1096 3135 m.2)
1136 3081 1370 3123 Effundere
1402 3081 1648 3124 interficere
1681 3096 1862 3138 uergere

291 3152 364 3209 qui
397 3152 548 3194 uinum
580 3152 732 3195 uendit
1135 3153 1303 3195 Edulus
1337 3169 1488 3196 currus
1522 3154 1596 3209 qui
1630 3168 1830 3196 carrucas
1863 3154 1996 3196 habet

1784 3223 1854 3258 35⁵⁵
