2175 3428
648 139 906 175 EXCERPTA
931 139 996 173 EX
1020 138 1164 174 LIBRO
1191 137 1482 174 GLOSSARVM

186 252 408 294 Musteum
428 250 496 293 uis
517 251 668 293 cedum
695 250 884 292 medium
903 248 1043 291 uiride

186 324 344 366 Mutilo
378 323 523 378 kapite
556 326 684 365 tonso
716 322 866 377 kapite

185 394 340 437 Muttit
372 394 527 451 gannit

186 537 291 580 Nais
318 553 454 595 genus
482 538 582 579 erbe
609 536 811 593 uirgilius
839 535 922 577 tibi
949 550 1046 577 0311-

247 609 348 651 dida
378 608 474 651 nais
507 609 722 664 pallentes
755 607 896 649 uiolas

150 694 166 719 5
188 680 344 723 Nando
376 681 566 722 natando

187 752 333 807 Napet
365 752 438 794 det
469 751 627 794 florum
659 751 900 808 agrestium
933 750 1044 792 sicut

245 823 396 866 naidas
416 823 587 865 ueneris
608 823 713 865 hore
735 823 789 864 ad
814 823 892 864 has
919 822 1044 863 diane

246 898 296 937 ut
328 896 514 937 donatus

186 968 227 1010 N
231 970 334 1023 apta
364 969 656 1023 purgamenta
692 967 772 1009 lini
803 967 875 1009 uel
908 967 1046 1009 cuius-

246 1040 356 1082 libet
393 1040 456 1082 rei
494 1039 719 1082 sallustius
764 1039 918 1082 scribit
928 1038 960 1094 l)
1000 1039 1045 1081 in

248 1111 399 1154 storiis
450 1112 565 1167 quod
614 1112 750 1154 nabta
799 1125 936 1167 genus
988 1110 1046 1152 sit

246 1183 414 1225 fomitis
440 1187 546 1239 aput
570 1198 720 1239 persas
750 1198 836 1239 quo
862 1183 933 1225 uel
959 1197 1047 1224 ma-

246 1256 362 1298 xime
411 1255 666 1298 nutriuntur
716 1254 916 1298 incendia
972 1253 1047 1296 alii

249 1343 350 1370 ossa
394 1327 612 1370 olibarum
657 1328 732 1383 qui
775 1327 1049 1383 proiciuntur

249 1415 348 1442 011111
369 1414 545 1441 amurca
565 1399 756 1442 arefacta
774 1402 956 1454 naptam
979 1413 1050 1453 ap-

248 1471 404 1526 pellari
452 1474 611 1527 putant
660 1471 772 1513 unde
823 1474 868 1513 et
924 1485 1049 1527 grece

249 1557 425 1600 πυρηνη
459 1544 621 1586 dicitur
654 1544 707 1585 ab
741 1558 791 1585 eo
831 1541 946 1597 quod
983 1544 1051 1583 est

247 1617 339 1670 πυβ
370 1616 415 1657 id
447 1618 516 1658 est
547 1616 696 1672 ignem
727 1613 896 1657 nutriat

190 1687 411 1730 Naralbus
456 1687 616 1729 flubius
662 1687 801 1730 tuscie
845 1685 1048 1742 uirgilius

250 1759 442 1801 sulfurea
471 1759 680 1801 naralbus
713 1774 826 1814 aqua

193 1830 234 1873 N
238 1832 390 1874 ardum
417 1831 633 1887 spicatum
660 1831 713 1872 ab
741 1845 790 1873 eo
819 1830 934 1885 quod
959 1845 1052 1885 spe-

252 1903 338 1946 cies
372 1903 469 1959 ipsa
492 1903 617 1945 nardi
649 1903 696 1944 in
721 1903 898 1945 modum
925 1916 1050 1957 spece

253 1975 311 2017 sit
343 1991 426 2031 que
459 1974 604 2017 infusa
636 1975 864 2018 conficitur

193 2046 419 2090 Naroneos
452 2047 692 2090 ellenorum
724 2048 875 2103 lingua
907 2047 1051 2088 iunius

251 2119 411 2162 dicitur
443 2117 521 2176 (R)

192 2191 338 2234 Narus
371 2206 468 2234 sum
500 2191 688 2248 cognoui
720 2191 850 2234 didici

192 2262 377 2305 Natium
419 2265 544 2305 nates
588 2263 816 2306 hominum
861 2263 967 2306 dicit
1007 2263 1051 2305 id

253 2338 319 2377 est
350 2335 517 2377 femora

140 2061 174 2085 10

1851 135 1937 177 225

1081 248 1255 291 Nauare
1288 247 1481 290 studiose
1513 245 1694 301 implere

1082 320 1315 376 Nauargus
1347 319 1472 361 nauis
1505 317 1715 374 magister

1082 391 1333 448 Nau-iargus
1364 391 1490 433 nauis
1523 389 1734 446 magister

1082 463 1391 506 Naujcularius
1434 465 1500 504 est
1541 461 1615 516 qui
1655 464 1828 503 tantum
1868 475 1941 501 113-

1138 536 1260 578 uium
1292 536 1360 577 est
1391 533 1630 575 fabricator
1663 535 1707 574 et
1740 532 1899 574 artifex

1080 606 1218 650 Nauit
1251 609 1425 648 strenue
1459 605 1553 661 agit

1080 678 1146 721 Ne
1174 678 1392 720 interdum
1416 676 1672 718 aduerbium
1697 675 1940 731 proibentis

1141 750 1361 792 interdum
1392 747 1638 790 interiectio
1672 750 1739 789 est

1082 821 1334 864 Nebulones
1385 822 1461 862 aut
1505 819 1686 861 obscure
1736 822 1940 862 nocentes

1144 896 1220 936 aut
1251 892 1420 935 occulte
1453 891 1744 947 malignantes

1083 965 1231 1009 Necne
1265 965 1384 1008 canis
1417 963 1520 1005 dum
1553 960 1751 1019 gannit2)

1083 1038 1362 1094 Necopinans
1394 1050 1473 1078 nec
1506 1049 1686 1091 sperans

1084 1110 1363 1166 Necopinans
1395 1123 1485 1150 non
1517 1107 1734 1149 arbitrans

1084 1181 1176 1225 Nec
1209 1182 1389 1237 opinum
1420 1195 1499 1222 nec
1532 1181 1783 1235 expetatum

1084 1253 1176 1297 Nec
1198 1254 1377 1310 opinum
1399 1267 1479 1294 nec
1498 1254 1804 1307 expectantum
1830 1251 1943 1294 idest

1148 1330 1301 1369 contra
1334 1325 1582 1381 opinionem

1088 1398 1180 1442 Nec
1213 1398 1330 1454 potis
1362 1412 1442 1440 1100
1474 1399 1648 1452 poterat

1088 1470 1180 1513 Nec
1224 1473 1317 1512 tam
1354 1483 1505 1511 uersos
1544 1482 1677 1524 equos
1723 1467 1838 1523 tyria
1883 1467 1948 1510 sol

1147 1542 1293 1599 iungit
1319 1542 1373 1583 ab
1401 1542 1507 1584 urbe
1530 1555 1610 1583 1100
1635 1543 1726 1582 tam
1753 1539 1947 1581 crudeles

1147 1630 1297 1658 sumus
1318 1616 1368 1656 ut
1394 1614 1459 1656 sol
1486 1627 1635 1657 cursos
1663 1626 1765 1653 suos
1787 1611 1949 1653 auertit

1148 1702 1173 1728 a
1209 1686 1337 1728 nobis
1382 1685 1528 1742 tangit
1573 1685 1721 1727 autem
1765 1683 1949 1726 storiam

1149 1758 1260 1800 atrei
1311 1761 1354 1800 et
1410 1757 1550 1799 hieste
1605 1759 1750 1798 atreus
1803 1758 1950 1797 autem

1149 1830 1310 1872 thieste
1349 1830 1485 1871 frater
1523 1828 1719 1870 membra
1756 1826 1949 1868 filiorum

1150 1903 1241 1945 eius
1263 1901 1410 1958 posuit
1431 1901 1484 1943 ad
1505 1899 1814 1943 comedendam
1834 1898 1949 1953 quod

1149 1974 1318 2016 facinus
1346 1974 1411 2016 sol
1439 1987 1537 2016 cum
1563 1972 1676 2015 uidis
1705 1975 1772 2014 set
1799 1985 1950 2014 cursus

1150 2061 1252 2089 suos
1284 2047 1330 2088 in
1358 2048 1503 2087 ortum
1529 2058 1756 2088 reuocasse
1789 2043 1950 2086 dicitur

1150 2117 1310 2176 (γένῃ.)

1088 2189 1326 2233 Nectareas
1360 2189 1590 2231 mellifluas

1088 2261 1230 2305 Necta
1261 2261 1424 2304 redulci
1458 2260 1667 2303 mellifluo
1699 2274 1852 2315 sapore
1879 2259 1948 2301 uel

1150 2335 1279 2377 odore

1961 400 1993 426 15

1963 977 1996 1001 20

1967 1408 2002 1433 25

290 2478 326 2521 1)
358 2488 377 2512 c
405 2478 444 2512 in
468 2489 541 2513 ras.
567 2480 652 2513 m.2
683 2478 695 2522 ΙΙ
726 2478 762 2522 2)
794 2490 819 2523 g
844 2489 889 2514 ex·
915 2488 934 2512 0
959 2490 984 2514 α
1007 2480 1091 2514 m.2
1116 2481 1158 2513 ut
1183 2477 1255 2514 vid.
1291 2478 1303 2521 ll

290 2600 322 2632 2.
347 2598 457 2632 tonso
483 2596 607 2642 capite
650 2598 663 2642 {1
706 2599 737 2632 6.
764 2596 894 2642 Napee
925 2599 930 2643 Ι
966 2598 1034 2646 dee
1066 2601 1070 2642 Ι
1104 2596 1236 2632 naides
1263 2607 1308 2632 em
1332 2594 1466 2630 naidas
1493 2606 1585 2631 corr.
1618 2596 1622 2637 Ι
1657 2604 1719 2629 ore
1755 2595 1759 2638 Ι
1794 2593 1906 2627 diano
1948 2619 1950 2639 ἰ

196 2659 226 2692 7.
254 2656 434 2691 salustius
461 2668 505 2692 ex
530 2655 725 2691 sallustius
751 2668 843 2693 corr.
866 2660 870 2702 Ι
893 2656 1035 2692 istoriis
1064 2659 1068 2703 Ι
1102 2658 1221 2702 napta
1249 2658 1254 2702 Ι
1290 2655 1390 2701 apud
1416 2667 1460 2691 ea:
1487 2656 1580 2701 aput
1605 2665 1695 2690 corr.
1727 2654 1730 2700 Ι
1763 2652 1950 2688 oliuarum

184 2727 240 2767 ἐκ
265 2715 567 2757 01111310111,0ον1·.
597 2718 602 2761 Ι
631 2726 703 2761 que
732 2717 737 2761 Ι
766 2716 926 2762 apellari
948 2721 952 2762 Ι
981 2716 1151 2760 ΠΥΡΗΝ
1175 2719 1180 2762 Ι
1209 2718 1310 2751 ΠΥΡ
1329 2718 1341 2762 ΙΙ
1367 2720 1399 2752 8.
1426 2715 1562 2751 fluuius
1588 2726 1633 2751 eoe
1658 2712 1795 2748 flubius
1821 2724 1912 2749 corr.
1944 2745 1945 2753 ,

196 2775 363 2811 sulfurea
388 2788 433 2812 ex
458 2775 623 2812 sulforea
648 2787 739 2812 corr.
771 2777 784 2822 ΙΙ
821 2780 852 2813 9.
881 2777 983 2826 spice
1009 2777 1060 2812 sit
1083 2789 1129 2814 ex
1155 2787 1264 2823 spece
1290 2775 1340 2811 sit
1365 2788 1457 2813 corr.
1489 2778 1501 2821 ΙΙ
1541 2778 1594 2810 18.
1621 2772 1830 2820 proibentis
1855 2785 1901 2808 m.
1915 2776 1949 2817 1,

195 2835 430 2881 prohibentis
455 2847 501 2872 m.
517 2840 539 2871 5
562 2839 567 2880 1
589 2835 804 2871 interiectio
829 2848 874 2873 ex
897 2837 1139 2874 interiection
1163 2849 1254 2874 corr.
1275 2838 1286 2881 ΙΙ
1308 2839 1362 2872 19.
1390 2836 1548 2871 obscure
1572 2847 1617 2871 ea:
1643 2833 1796 2869 obscore
1822 2844 1913 2869 corr,
1943 2834 1947 2879 Ι

196 2894 402 2930 nocessitas
429 2907 476 2931 m.
491 2898 524 2940 1,
550 2897 726 2931 nocentes
752 2908 797 2932 m.
813 2899 837 2932 6
860 2901 904 2933 ut
926 2899 1000 2935 vid.
1041 2900 1046 2944 Ι
1087 2897 1276 2933 occultum
1316 2898 1321 2940 Ι
1361 2895 1562 2930 tenebrosa
1585 2896 1627 2929 in
1657 2894 1729 2938 fine
1761 2894 1860 2938 add„
1890 2893 1952 2928 sed

196 2955 264 2990 del.
291 2957 303 3000 [1
329 2958 385 2990 21,
413 2958 469 2990 22.
495 2955 563 2991 hae
587 2956 636 3002 91.
662 2956 738 3008 ⁰⁹sd·
765 2957 908 2993 inverso
932 2958 976 2994 in
999 2958 1076 2994 cod.
1104 2958 1167 3004 leq.
1189 2958 1200 3002 Ι]
1226 2960 1282 2991 23.
1310 2954 1461 3000 opinam
1487 2966 1532 2990 m.
1547 2957 1581 2999 1,
1607 2953 1805 2999 opinatum
1829 2965 1874 2989 m.
1891 2957 1914 2988 6
1943 2953 1948 2994 Ι

198 3016 438 3060 expectatum
474 3017 486 3060 ΙΙ
524 3018 579 3050 24.
607 3017 847 3061 expectatum
870 3028 916 3053 ea:
941 3018 1207 3064 expectantum
1232 3024 1323 3052 corr.
1361 3017 1372 3058 ΙΙ
1410 3017 1466 3049 26.
1492 3015 1573 3048 tum
1598 3024 1726 3048 uersos
1749 3018 1754 3055 ι
1786 3024 1915 3048 cursus
1944 3013 1948 3060 Ι

199 3076 348 3109 auertat
375 3077 381 3120 Ι
412 3073 510 3109 uti-ei
538 3077 542 3119 1
574 3074 671 3109 iesse
699 3076 704 3121 1
736 3086 870 3111 arneus
899 3077 904 3125 Ι
937 3077 1088 3123 aposuit
1113 3075 1370 3112 comendenda
1401 3077 1412 3118 ΙΙ
1450 3077 1505 3109 27,
1533 3073 1734 3108 mellifluus
1761 3085 1805 3108 ecc
1829 3072 1950 3107 melli-

199 3133 294 3168 fluas
320 3145 412 3169 corr.
444 3135 456 3178 ΙΙ

272 3200 360 3232 corp.
381 3201 471 3232 gloss.
491 3201 544 3226 lat.
564 3202 636 3227 tom.
657 3201 691 3226 V.

1622 3197 1664 3228 15
