2175 3428
147 1081 177 1106 10

144 1657 176 1682 15

142 2089 176 2114 20

660 98 916 134 EXCERPTA
942 99 1006 133 EX
1032 98 1175 134 LIBRO
1204 99 1494 135 GLOSSARVM
1870 103 1958 144 183

203 207 421 250 Condiciis
455 208 777 251 conditionibus

202 278 575 323 Gondormescunt
605 280 770 336 pariter
802 281 1025 323 dormiunt

203 349 461 394 Conferrata
494 352 744 395 consociata

201 422 522 466 Confertissimi
553 423 796 479 plenissimi

202 494 474 538 Confidentia
524 496 569 537 in
614 495 739 537 malis
790 496 920 538 rebus
965 511 1057 538 esse

260 567 372 609 solet
402 567 559 609 fiducia
590 581 695 609 uero
727 566 772 609 in
805 567 932 609 bonis

200 638 390 681 Confieri
419 640 628 694 compleri

200 710 389 753 Confieri
420 711 571 766 perfici

199 781 498 826 Confinalibus
539 786 614 825 aut
646 798 671 825 a
702 783 861 825 finibus
901 798 1057 840 genere

259 857 334 896 aut
367 869 391 896 a
423 854 583 897 finibus

198 925 437 969 Oonfinalis
476 927 636 969 dicitur
669 927 722 968 ab
762 942 811 969 eo
852 928 966 983 quod
1000 928 1058 970 sit

258 1012 415 1054 genere
447 999 518 1042 uel
550 1000 646 1042 loco
679 998 804 1041 afinis

199 1069 422 1113 Confinius
455 1072 646 1114 urbanus

198 1142 408 1185 Confiteri
439 1143 607 1199 proprii
638 1143 809 1186 arbitrii
836 1146 903 1185 est
928 1143 1057 1186 fateri

257 1217 404 1257 autem
432 1215 571 1258 coacti
599 1219 665 1258 est
699 1215 834 1258 animi
864 1230 952 1258 non
982 1231 1057 1274 *uo-

256 1287 440 1329 luntatis

198 1357 496 1401 Consoraneus
529 1359 657 1401 unius
690 1359 774 1401 fori

198 1430 478 1489 Confessus¹)
511 1431 839 1474 contrucidatus

198 1501 587 1560 Confragmentum
603 1503 733 1546 simul
747 1504 1055 1561 confragosum

257 1573 347 1632 ut2)
380 1590 503 1618 mons

197 1645 512 1703 Congaudebat
544 1648 675 1690 simul
708 1648 926 1704 gaudebat

197 1718 452 1775 Congaudet
482 1712 648 1775 pariter
680 1720 840 1776 gaudet

197 1790 520 1847 Congelascunt
553 1792 703 1847 gelant
735 1791 898 1848 frigore

197 1861 431 1919 Congeluit
464 1863 660 1905 induruit

197 1933 464 1991 Congessere
491 1935 666 1990 proprie
692 1950 923 1992 congerere
951 1951 1052 1978 aues

256 2006 459 2048 dicuntur
493 2007 664 2062 quando
696 2007 822 2050 nidos
856 2008 1024 2050 faciunt

196 2077 395 2134 Congrus
428 2093 564 2135 genus
597 2079 730 2134 piscis

196 2147 458 2192 Conibentia
491 2166 727 2193 consensus

196 2220 397 2264 Coniboli
430 2225 663 2266 concordes
697 2224 917 2266 coniuncti

197 2292 409 2336 Coniebat
442 2295 739 2338 constituebat
772 2296 1003 2350 edificabat

196 2364 475 2409 Coniectores
507 2367 767 2423 interpretes

144 2449 158 2472 Ξ
197 2437 505 2480 Coniectorum
538 2439 781 2482 coniectare
812 2440 980 2494 peritus
1012 2439 1054 2481 id

256 2513 323 2551 est
354 2511 684 2565 praediuinandi

1101 207 1311 252 Coniurat
1344 210 1418 265 qui
1451 210 1607 252 leuiter
1639 210 1754 252 iurat
1787 212 1855 253 uel
1883 213 1957 267 qui

1160 282 1327 324 occulte
1361 283 1477 323 iurat

1099 351 1295 395 Connixa
1326 356 1456 409 partu
1488 353 1672 395 liberata

1098 423 1265 466 Conixa
1297 428 1504 467 conantes

1098 494 1253 538 Conixi
1284 496 1536 539 laborantes
1570 501 1777 541 conantes

1099 566 1289 609 Conixus
1323 571 1504 611 conatus
1977 584 2011 609 30

1097 637 1331 682 Conlatum
1363 640 1610 683 contultum

1098 709 1330 753 Conlatum
1351 713 1596 755 contultum
1622 714 1664 756 id
1692 718 1759 756 est
1785 715 1955 771 inroga-

1155 785 1250 825 tum
1281 783 1352 825 uel
1385 784 1535 826 datum

1096 854 1364 897 Conlibescit
1397 856 1509 910 quia·
1531 857 1656 899 ualde
1690 858 1879 900 delectat

1096 925 1354 969 Conlibrum
1387 941 1524 983 genus
1556 927 1683 983 penie

1096 997 1329 1041 Conliuum
1362 1002 1602 1041 crematum
1975 1013 2009 1038 35

1098 1068 1485 1126 Conlocupletatus
1518 1071 1727 1114 dilatatus
1741 1071 1775 1128 ⁵³)

1097 1140 1384 1185 Conmaculat
1417 1144 1644 1186 conculcat

1097 1212 1485 1270 Conmanipulares
1519 1216 1709 1273 collegas

1096 1284 1550 1344 Conmanipularius4)
1571 1288 1770 1331 conscius
1787 1289 1956 1345 collega

1095 1356 1525 1401 Commentabundus
1545 1360 1863 1416 cogitabundus
1886 1361 1954 1403 ad-
1974 1376 2009 1400 40

1154 1430 1379 1473 inueniens

1094 1502 1408 1545 Conmercatur
1434 1504 1651 1547 mercibus
1678 1520 1842 1547 merces
1863 1519 1954 1547 coe-

1153 1578 1279 1617 munt

1095 1647 1334 1690 Conmilito
1368 1646 1526 1702 militie
1560 1648 1704 1690 socius

1094 1717 1415 1774 Oonminicipes
1450 1719 1566 1762 ciues

1094 1789 1429 1833 Conmolestant
1474 1791 1779 1847 conspirantur
1824 1792 1954 1835 mole-

1154 1866 1276 1904 stant

1093 1935 1360 1978 Conmolunt
1392 1934 1595 1978 dentibus
1630 1936 1917 1979 conminuunt
1972 1955 2008 1979 45

1093 2006 1327 2049 Conmulat
1359 2008 1586 2050 conculcat
1619 2008 1853 2050 conturbat

1094 2078 1344 2122 Conmulcit
1377 2080 1604 2122 conculcat
1637 2080 1706 2121 uel
1739 2080 1890 2122 turbat

1094 2149 1247 2193 Conon
1276 2151 1470 2193 samnius
1497 2151 1567 2193 uel
1594 2151 1771 2206 quidam
1797 2151 1953 2194 uolunt

1155 2222 1459 2265 alexandrinus
1472 2224 1853 2265 matematicorum
1866 2239 1953 2265 ma-

1154 2295 1292 2351 gister
1324 2295 1537 2337 maximus
1572 2295 1707 2338 aciuis
1740 2296 1876 2337 medis

1094 2366 1348 2423 Conopeum
1399 2367 1645 2424 stragulum
1690 2367 1760 2409 uel
1809 2382 1952 2422 super-

1151 2439 1297 2482 lectile

1093 2511 1375 2567 Conpagibus
1409 2511 1660 2553 tabularum
1692 2511 1878 2553 texturis
1972 2529 2006 2554 50

318 2665 352 2709 1)
378 2675 397 2698 e
422 2676 501 2710 eoep.
530 2669 563 2700 et
588 2676 609 2699 o
635 2677 714 2711 sup.
741 2676 808 2701 scr.
847 2666 858 2710 ΙΙ
897 2667 933 2711 2)
960 2667 1002 2700 ut
1022 2678 1093 2712 pro
1120 2667 1160 2700 at
1186 2676 1277 2701 corr.
1316 2667 1328 2711 ΙΙ
1365 2667 1401 2711 3)
1428 2676 1519 2701 corr.
1548 2666 1589 2700 in
1614 2663 1759 2699 ditatus
1805 2665 1816 2708 ΙΙ
1859 2665 1895 2709 4)
1929 2676 1952 2698 u

197 2727 281 2758 ante
307 2733 324 2757 s
349 2734 375 2758 s.
402 2734 469 2758 scr.
501 2724 513 2768 ΙΙ

317 2856 348 2888 1.
375 2852 563 2888 Condiciis
596 2854 878 2890 condicionibus
899 2859 927 2902 ῚΙ
966 2861 996 2892 6.
1031 2857 1195 2902 conpleri
1233 2857 1244 2901 ΙΙ
1283 2861 1314 2891 9.
1349 2855 1398 2890 sit
1429 2866 1609 2900 generum
1653 2856 1663 2899 ΙΙ
1709 2859 1763 2889 13.
1799 2854 1951 2890 Confos-

197 2923 258 2946 sus
302 2913 313 2956 ΙΙ
359 2916 412 2947 17.
448 2911 721 2959 Congelescunt
759 2914 890 2960 gelant
932 2917 944 2961 ΙΙ
988 2921 1043 2952 19.
1088 2915 1230 2951 fatiunt
1272 2916 1284 2960 ΙΙ
1327 2918 1383 2950 21.
1424 2914 1674 2950 Connibentia
1716 2915 1728 2958 ΙΙ
1772 2918 1827 2950 26.
1863 2914 1950 2949 hoc-

196 2971 296 3006 culte
334 2973 345 3017 ss
383 2975 438 3006 27.
466 2971 608 3007 Conixa
643 2975 656 3018 ΙΙ
693 2977 749 3010 36.
777 2974 921 3010 ditatus
947 2978 959 3021 H
991 2979 1047 3011 39.
1075 2974 1402 3020 Comanipularius
1431 2975 1442 3019 ΙΙ
1474 2977 1530 3009 40.
1558 2973 1913 3009 Conmentabundus
1948 2975 1950 3021 ξ

196 3035 254 3066 42.
287 3028 452 3067 miliciae
480 3034 485 3077 Ι
514 3032 632 3067 sotius
670 3034 681 3078 ΙΙ
719 3036 774 3069 44.
809 3035 1070 3080 conspirentur
1106 3038 1117 3080 ΙΙ
1155 3039 1210 3070 45.
1239 3033 1458 3070 conminunt
1495 3035 1506 3080 ss
1543 3037 1598 3069 48.
1628 3032 1754 3069 Conon
1786 3046 1829 3070 ex
1856 3034 1949 3070 Con-

195 3102 271 3126 non
301 3103 392 3127 corr.
426 3095 438 3137 ΙΙ
