2221 3490
251 240 462 283 Columen
495 238 638 281 curiae

251 312 366 355 Caue
399 327 452 354 ne
485 325 617 366 praue
650 309 826 351 insistas

251 383 497 427 Caelibares
530 397 671 438 poena

251 454 496 497 Colnitialis
514 452 547 510 1)
579 453 670 495 dies

213 538 230 563 5
252 526 506 569 Contineme
521 524 556 580 ²)
588 525 829 580 praedemit

250 596 542 653 Conloquium
574 612 670 639 cum
703 611 752 638 eo
785 596 940 638 habuit

250 668 620 712 Condicionaliter
651 667 856 723 promisit

249 739 425 782 Crimen
458 740 642 795 capitale

249 811 427 855 Contuli
459 812 521 853 ire
555 813 608 853 ad
640 812 791 853 hostes

198 895 230 920 10
250 883 624 938 Conspirauerunt

248 954 437 1010 Compos
469 955 612 997 factus
645 954 741 997 uoti
775 954 842 996 sui

247 1026 551 1069 Conclusionis

247 1098 585 1154 Compilationis

248 1170 423 1214 Circum
455 1171 684 1226 negotium
717 1169 949 1211 destrictus

194 1254 226 1279 15
248 1241 551 1299 Congruenter
582 1242 838 1298 parentibus

248 1313 601 1357 Consentaneum
634 1317 700 1356 est

249 1386 530 1442 Consequens
564 1389 631 1428 est

250 1456 537 1500 Condicainus
569 1457 714 1500 locum

251 1529 513 1572 Concretiua
545 1543 727 1584 corpora
758 1529 887 1583 plena

195 1614 230 1638 20
250 1599 476 1643 Colorauit
509 1616 601 1643 rem

250 1671 600 1728 Circumspectus
633 1673 764 1715 homo

251 1745 559 1788 Conuerticula
591 1745 862 1800 perditorum

250 1815 522 1859 Condicticia
554 1817 744 1859 formula

250 1887 400 1931 Condi}
433 1889 712 1932 matrimonio

196 1972 228 1997 25
250 1959 467 2003 Confusus
500 1961 630 2002 homo

250 2031 432 2088 Copiam
467 2032 535 2074 sui
566 2048 655 2075 non
686 2033 868 2088 praebet

246 2175 550 2218 Dinumeratis
583 2176 735 2218 diebus

246 2246 390 2289 Diluit
422 2248 587 2290 crimen
620 2250 663 2290 et
695 2247 905 2290 refutauit

246 2319 375 2361 Diem
407 2319 446 2361 ei
479 2319 533 2360 d}

194 2403 229 2428 30
248 2391 416 2433 Domus
450 2391 652 2433 omnibus
684 2392 882 2446 peruiam
914 2396 1067 2448 aperta

246 2462 480 2518 Descripta
513 2478 609 2506 mea
641 2465 951 2506 consuetudine

246 2534 495 2590 Disputatis
528 2535 654 2577 bonis

246 2606 500 2663 Dilapidato
533 2607 800 2662 patrimonio

247 2678 312 2721 De
344 2678 590 2721 inofficioso
623 2681 889 2722 testamento

193 2760 228 2787 35
247 2750 468 2813 Distrmgit
501 2750 668 2792 fructus
702 2765 803 2792 suos

246 2820 501 2863 Destinauit
532 2822 615 2864 hoc
648 2822 789 2864 facere

246 2892 446 2948 Disperit
478 2908 576 2935 eum
589 2893 622 2949 3)

936 128 1000 163 DE
1026 127 1321 163 LATINITATE

1147 236 1424 279 Detrectauit
1455 236 1663 278 iudicium

1147 308 1310 350 Dolore
1343 307 1543 363 perfusus

1146 380 1373 422 Demissus
1407 380 1658 421 adulescens
1743 436 1745 438 ‚

1147 451 1353 507 Digneris
1387 466 1455 493 me
1487 451 1649 493 litteris
1682 452 1769 493 tuis

1148 521 1252 565 Dies
1285 522 1487 577 perennis
1520 523 1730 577 petendus
1764 527 1831 565 est

1146 595 1309 636 Diuino
1343 594 1524 636 consilio

1147 665 1433 708 Detestabilis
1466 666 1597 708 homo

1147 737 1424 780 Denotabilis
1457 752 1643 792 persona

1146 810 1318 852 Dilatat
1352 808 1594 851 orationem
1628 824 1751 851 suam

1146 881 1361 924 Dirimere
1394 880 1562 923 fructus

1146 1024 1442 1068 Exsecrabilis
1476 1039 1613 1067 annus

1145 1098 1347 1140 Enodare
1381 1100 1425 1138 et
1458 1097 1657 1152 expedire

1145 1169 1394 1224 Explorans
1428 1169 1644 1211 comedias

1147 1240 1280 1283 Exuli
1313 1243 1407 1283 erat
1441 1241 1625 1296 pecunia

1147 1313 1402 1356 Enucleatis
1435 1312 1633 1354 sensibus

1146 1385 1284 1427 Erum
1317 1398 1461 1425 meum

1146 1456 1340 1498 Erudala
1375 1470 1444 1497 res

1146 1528 1365 1584 Eregione
1398 1527 1504 1570 tolle

1147 1601 1437 1643 Elaboratum
1471 1614 1578 1654 opus

1147 1673 1314 1715 Efficax
1346 1673 1477 1714 homo

1147 1747 1390 1788 Emunctae
1422 1759 1548 1786 nares

1147 1817 1306 1860 Emuxi
1340 1833 1412 1860 eos
1446 1819 1628 1873 argento

1147 1891 1343 1946 Excepto
1377 1904 1472 1931 aere
1506 1889 1645 1930 alieno

1147 1963 1214 2005 Ex
1247 1962 1424 2004 incertis
1456 1961 1622 2016 nuptiis

1146 2034 1398 2090 Epistulam
1432 2048 1604 2075 exerere

1147 2107 1215 2148 Ex
1246 2106 1371 2148 uanis
1383 2104 1420 2161 4)
1453 2105 1750 2147 contractibus

1147 2178 1377 2221 Excidium
1410 2177 1563 2219 domus
1597 2177 1688 2219 eius

1145 2250 1327 2292 Exitum
1360 2253 1404 2291 et
1437 2252 1643 2291 euentum
1676 2249 1739 2290 rei

1145 2322 1386 2364 Exordium
1419 2321 1587 2377 negotii

1145 2392 1433 2435 Exuadaticia
1466 2393 1654 2448 epistula

1145 2464 1377 2508 Exsoleuit
1408 2465 1575 2507 factum

1145 2538 1302 2579 Elatus
1337 2541 1380 2579 et
1413 2538 1606 2580 eminens

1144 2609 1398 2651 Extenuans
1430 2613 1610 2664 peccata
1643 2625 1720 2651 sua

1144 2680 1325 2723 Friuola
1357 2697 1425 2723 res

1145 2752 1282 2795 Furto
1317 2753 1468 2794 abluta
1501 2753 1585 2794 eris

1145 2824 1342 2866 Fastidio
1376 2824 1484 2866 mihi
1517 2828 1583 2866 est

1146 2895 1294 2938 Flocci
1327 2899 1370 2937 te
1403 2911 1490 2938 non
1521 2896 1662 2951 pendo

1918 125 2000 167 661

2023 390 2059 414 40

2026 1896 2060 1920 60

2026 2614 2059 2638 70

346 3059 380 3102 1)
407 3057 627 3105 comitialis]
654 3059 686 3094 is
710 3061 765 3095 vel
792 3071 830 3095 es
850 3064 861 3103 n
893 3062 930 3106 2)
955 3073 1015 3096 me
1041 3062 1175 3097 dubiae
1203 3063 1214 3107 ss
1246 3063 1281 3107 3)
1307 3062 1431 3097 mimas
1451 3062 1642 3106 probabile
1668 3073 1751 3097 eam
1777 3063 1789 3106 ss
1817 3063 1853 3107 4)
1878 3061 2002 3109 uanis]

246 3129 273 3152 n
298 3122 482 3164 expuncta
507 3123 542 3155 et
566 3118 599 3154 ri
627 3131 743 3165 supra
767 3121 924 3175 scriptae
951 3124 964 3167 ss
