2175 3428
274 152 362 201 210

334 263 445 304 tium
482 260 656 302 hedium
695 260 824 302 huius
863 259 1131 302 edificiorum

335 331 493 389 (Via-9.)

274 404 515 447 Inaudiuile
547 403 853 446 inhonorabile
886 401 1043 460 (Viry.)

274 478 523 519 Inbremata
556 478 813 518 ornamenta
844 490 1052 517 uasorum

271 549 480 591 Inbrutus
506 548 740 604 inprudens
769 548 860 589 sine
882 562 1011 589 sensu
1038 547 1129 588 sine

331 620 632 677 intellegentia

271 693 547 735 Inbumentis
581 691 853 735 documentis

235 776 251 801 5
271 766 470 807 Inburim
489 780 591 820 pars
612 779 744 807 curua
766 778 847 818 que
869 765 1015 804 aratro
1039 762 1129 804 iun-

331 839 450 895 gitur

272 909 605 952 Incabillatione
616 908 649 964 1)
681 907 934 950 indirisione

271 982 556 1024 Incabillatur
586 979 846 1022 inderiditur

270 1054 431 1096 Incana
462 1052 682 1095 inbenalia

269 1124 549 1181 Incanigenia
581 1123 841 1179 primigenia
873 1119 1033 1178 (Via-9.)

218 1208 250 1233 10
268 1197 565 1253 Incapitatum
597 1196 688 1237 sine
722 1195 862 1250 capite

270 1269 491 1311 Incelebre
525 1268 746 1309 desertum

268 1340 496 1383 Incentiua
527 1339 740 1381 desideria
772 1338 912 1380 carnis

268 1412 490 1455 Incestum
535 1414 603 1453 est
648 1408 808 1466 quod2)
852 1409 898 1450 in
947 1411 1127 1463 parente

328 1484 398 1526 uel
429 1484 561 1526 uidua
598 1483 651 1524 fit
682 1482 848 1524 dictum
888 1484 1033 1523 autem
1067 1481 1127 1522 in-

328 1559 495 1598 cestum
528 1555 653 1610 quasi
684 1554 899 1597 incastum

267 1628 488 1670 Incestum
521 1626 594 1682 qui
628 1625 880 1668 concumbit
917 1640 1016 1668 cum
1052 1640 1126 1667 no-

328 1700 457 1741 berca
495 1713 573 1740 sua
610 1698 681 1740 uel
719 1712 818 1740 cum
863 1712 1011 1740 sorore
1055 1697 1125 1738 uel

328 1786 426 1813 cum
479 1770 651 1826 uirgine
703 1772 875 1812 sacrata
926 1772 1000 1811 aut
1051 1769 1123 1823 qui

326 1845 552 1898 parentem
584 1857 711 1884 suum
744 1841 1013 1896 strupauerit

217 1928 247 1953 15
267 1913 674 1969 Incircumscriptus
707 1914 944 1956 terminum
977 1927 1125 1954 carens

267 1986 675 2041 Ineircumscriptus
710 1986 812 2041 quia
850 1983 1049 2026 concludi
1082 1986 1126 2024 et

327 2058 592 2100 circumueni
622 2058 782 2113 nequid

267 2129 471 2171 Incibiles
521 2142 611 2171 non
659 2128 786 2170 cibile
836 2126 880 2168 id
928 2129 996 2168 est
1045 2126 1125 2167 abe

327 2200 509 2242 dicimus
583 2201 697 2242 enim
768 2198 966 2241 incibiles
1040 2197 1127 2238 dis-

327 2272 471 2314 cordie

266 2344 451 2387 Inclitus
478 2344 668 2386 inuictus
696 2346 772 2385 aut
804 2342 1022 2398 gloriosus
1050 2343 1125 2382 aut

327 2415 587 2458 sublimatus

267 2488 491 2530 Incolatus
523 2487 827 2543 peregrinatus

214 2559 574 2610 201ncolomitate
607 2562 651 2600 te
684 2572 789 2600 sano

733 149 989 185 EXCERPTA
1016 150 1081 184 EX
1105 149 1248 185 LIBRO
1277 149 1569 185 GLOSSARVM

1169 259 1399 302 Incondita
1437 259 1752 314 extemporalia
1784 274 1869 315 quo
1909 260 2027 316 greci

1229 330 1440 374 excidiam
1472 334 1633 373 uocant

1169 403 1482 458 Inconperendi
1514 403 1691 446 natione
1724 403 1980 446 indilatione

1166 474 1560 529 Inconperendinat
1596 475 1753 517 dilatat

1170 545 1495 601 inconscriptus
1529 546 1716 588 termino
1749 561 1900 588 carens

1167 617 1401 660 Incubidus
1434 617 1610 660 incudes
1637 618 1841 660 dicuntur
1868 617 2025 673 quibus
2047 633 2080 658 25

1228 689 1341 731 fabri
1374 690 1535 732 ferrum
1568 689 1748 731 domant
1781 688 1938 746 (Viry.)

1167 760 1437 803 Incunabula
1468 761 1596 803 initia
1627 761 1812 803 infantie

1169 833 1378 889 Indagine
1410 832 1750 889 inuestigatione

1169 904 1379 960 Indagine
1411 903 1696 960 inquisitione

1168 976 1333 1032 Indago
1367 977 1472 1018 ordo
1506 975 1664 1033 (γίνῃ.)

1167 1047 1217 1089 In
1256 1047 1573 1090 dedicationem
1617 1049 1740 1090 uenit
1777 1051 2024 1103 presentem
2046 1064 2080 1089 30

1227 1118 1333 1161 dicit

1167 1190 1218 1232 In
1256 1190 1574 1233 dedicationem
1606 1192 1728 1233 uenit
1767 1192 2025 1248 preteritum

1226 1262 1333 1304 dicit

1166 1334 1393 1390 Indegiam
1445 1335 1833 1394 subaudiendum3)
1881 1351 2026 1379 conse-

1226 1407 1376 1462 quitur

1165 1479 1417 1522 Indemnem
1450 1479 1542 1521 sine
1574 1480 1731 1522 damno

1165 1550 1385 1593 Indemnis
1419 1552 1512 1593 sine
1546 1552 1673 1607 culpa
1706 1552 1798 1594 sine
1831 1553 2024 1608 periculo

1165 1622 1323 1664 Indicit
1334 1622 1545 1665 honorem
1558 1623 1818 1665 sacrificium
1829 1625 2023 1666 celebrat
2043 1640 2077 1665 35

1163 1694 1404 1751 Indigitare
1436 1695 1641 1737 inuocare

1163 1767 1397 1823 Indigitem
1428 1767 1630 1810 inuocem

1164 1838 1448 1893 Indipiscitur
1481 1839 1738 1894 adipiscitur

1165 1910 1339 1952 Indoles
1372 1913 1464 1965 etas
1497 1910 1712 1952 iubenalis
1745 1912 1923 1965 etasque
1953 1910 2024 1952 do-

1224 1981 1362 2023 lorem
1394 1982 1535 2024 nescit

1163 2052 1452 2095 Indubitatim
1482 2068 1571 2096 non
1606 2053 1734 2095 dubie

1165 2124 1417 2166 Indubitare
1451 2125 1577 2167 ualde
1611 2124 1810 2166 dubitare

1165 2195 1393 2252 Indulgere
1431 2196 1687 2251 permittere
1720 2196 1922 2251 uirgilius
1964 2197 2025 2238 in-

1224 2268 1402 2324 dulgere
1436 2268 1599 2310 doloris

1164 2339 1453 2395 Induperator
1485 2341 1725 2396 imperator

1163 2411 1363 2454 Indusias
1395 2412 1558 2454 uestire

1163 2483 1431 2526 Industriare
1465 2484 1617 2526 docere

1164 2555 1338 2597 Indutie
1371 2555 1602 2597 dilationes

2042 2071 2078 2095 40

2040 2501 2076 2527 45

363 2690 398 2733 1)
425 2699 469 2722 ca
493 2699 519 2723 s.
546 2699 614 2724 scr.
640 2700 684 2723 m.
700 2690 726 2723 2
756 2689 768 2732 ΙΙ
799 2687 837 2732 2)
863 2685 911 2721 od
937 2686 1021 2725 add.
1048 2687 1132 2720 m.2
1155 2687 1167 2730 ΙΙ
1199 2686 1234 2730 3)
1259 2696 1323 2719 um
1348 2697 1392 2720 m.
1408 2688 1433 2721 2
1461 2685 1502 2720 in
1528 2685 1661 2720 litura:
1685 2685 1761 2729 fuit
1786 2695 1807 2719 o
1832 2685 1887 2721 vel
1912 2696 1935 2720 a
1954 2687 1966 2731 ΙΙ

267 2796 432 2831 inedium
467 2797 472 2843 Ι
507 2795 757 2830 aedilitiorum
793 2796 806 2839 ΙΙ
846 2799 875 2829 1.
902 2782 1114 2828 Inaudibile
1151 2794 1163 2837 ΙΙ
1200 2797 1232 2827 3.
1259 2792 1447 2827 Imbrutus
1481 2794 1487 2837 1
1522 2791 1738 2837 imprudens
1775 2794 1788 2839 ss
1825 2796 1857 2828 6.
1883 2792 2021 2828 inderi-

268 2856 372 2891 sione
403 2858 415 2901 ΙΙ
448 2859 478 2891 7.
506 2854 739 2890 inderidetur
765 2855 778 2899 ΙΙ
811 2858 842 2890 8.
869 2854 1010 2888 Incana
1035 2864 1078 2887 ex
1104 2851 1217 2886 Icana
1243 2862 1334 2887 corr.
1359 2854 1363 2896 Ι
1385 2851 1578 2886 iuuenalia
1604 2863 1648 2887 ex
1673 2851 1868 2887 iubenalia
1892 2864 1984 2889 corr.
2011 2854 2022 2900 f>

269 2919 323 2951 14.
350 2926 513 2950 nouerca
535 2918 540 2960 Ι
563 2913 794 2960 stuprauerit
823 2914 835 2958 11
868 2917 922 2949 17.
956 2910 1118 2947 nocibile
1150 2912 1162 2956 ΙΙ
1192 2914 1248 2946 20.
1275 2910 1495 2945 Incolomite
1526 2913 1538 2956 ΙΙ
1570 2915 1624 2946 22.
1658 2911 1953 2957 Inconprehendi
1977 2923 2022 2948 ex

267 2974 536 3021 Inconperendi
571 2986 663 3010 corr.
701 2975 713 3018 ΙΙ
751 2978 806 3009 23.
842 2970 1207 3017 Inconprehendinat
1241 2983 1284 3006 er
1318 2970 1659 3016 Inconperendinat
1692 2982 1783 3007 corr.
1822 2973 1834 3017 ΙΙ
1870 2974 1926 3006 25.
1961 2971 2020 3006 In·

268 3034 425 3069 cudibus
457 3037 468 3079 u
506 3038 561 3070 30.
589 3033 820 3068 deditionem
850 3035 862 3079 ῃ
894 3036 949 3068 31.
977 3029 1208 3066 deditionem
1238 3032 1250 3075 11
1282 3034 1337 3065 32.
1370 3030 1578 3076 Indegnam
1602 3042 1647 3066 eoe
1671 3030 1867 3077 Indegiam
1892 3042 1983 3068 corr.
2009 3032 2021 3078 j]

268 3098 323 3130 33.
351 3094 581 3130 Indemmem
618 3096 629 3139 ΙΙ
667 3097 722 3129 34.
755 3091 922 3139 periculo
955 3103 999 3128 eoe
1029 3088 1237 3137 periculum
1264 3102 1353 3126 corr.
1393 3091 1404 3136 ΙΙ
1442 3093 1498 3125 35.
1533 3089 1752 3125 sacrifitium
1789 3092 1800 3137 ΙΙ
1837 3094 1893 3127 38.
1921 3091 2019 3127 Indi-

269 3153 425 3199 spicitur
444 3156 456 3200 Η
475 3158 530 3189 39.
558 3153 734 3188 iuuenilis
760 3165 804 3188 ecc
830 3151 1018 3188 iubenalis
1044 3162 1135 3186 corr.
1156 3151 1169 3196 ΙΙ
1194 3153 1249 3186 42.
1277 3149 1397 3185 dolori
1424 3161 1469 3185 ex
1494 3149 1640 3185 dolores
1666 3161 1756 3188 corr.
1776 3151 1789 3198 ΙΙ
