2175 3428
685 123 942 160 EXCERPTA
967 123 1033 158 EX
1057 123 1202 161 LLBRO
1231 124 1521 161 GLOSSARVM

228 233 377 290 Longa
418 233 739 289 intercapedine
782 234 914 290 longo
956 234 1085 277 inter-

284 303 471 362 istitiol)
504 304 663 363 (Viry.)

224 376 374 434 Longa
417 377 739 433 intercapedine
778 378 913 434 longa
954 378 1084 420 inter-

285 448 402 491 uallo
435 448 569 506 longo
601 449 843 492 interstitio
856 448 890 506 1)
923 448 1083 507 (Viry.)

224 519 434 578 Longeuo
481 521 573 564 seni
617 522 687 564 uel
730 522 808 564 deo
850 521 968 564 facto
1013 522 1084 564 hic

286 593 401 635 enim
434 594 646 649 longeuos
679 593 881 635 dixerunt
912 594 1014 636 deos
1040 593 1085 635 id

284 668 351 708 est
391 666 522 722 longe
563 668 679 708 etate
720 680 808 708 non
848 668 1083 721 perpetuos

283 737 358 793 qui
385 737 536 780 dicunt
563 752 660 780 cum
688 752 767 780 suo
800 737 961 780 mundo
989 753 1083 781 esse

283 824 460 852 casuros

221 881 375 938 Longo
422 881 656 924 interuallo
701 896 753 924 ex
796 883 930 939 longo
978 886 1084 925 tem-

280 969 386 1010 pore
431 954 506 997 sed
551 969 576 996 a
619 953 727 996 locis
777 957 970 997 tractum
1016 957 1083 997 est

282 1027 398 1068 inter
429 1041 603 1069 murum
636 1029 680 1068 et
712 1026 928 1069 fossatum
959 1027 1082 1069 locus

280 1098 327 1140 in
370 1098 561 1141 medium
602 1098 885 1141 interuallum
924 1099 1083 1141 dicitur

279 1170 363 1214 hoc
406 1170 495 1213 iam
538 1171 802 1215 translatum
841 1174 909 1214 est
947 1174 991 1214 et
1029 1172 1082 1214 ad

280 1246 453 1298 tempus

183 1326 200 1352 5
219 1314 484 1359 Loramenta
515 1316 641 1372 plura
673 1317 770 1359 lora

219 1387 356 1430 Lotus
389 1388 564 1432 labatus
596 1389 641 1431 id
673 1392 738 1431 est
775 1389 962 1431 mundus

219 1458 361 1502 Lucar
391 1460 512 1504 locus
546 1464 675 1517 aptus

220 1531 361 1575 Lucar
404 1533 601 1590 erogatio
648 1549 730 1589 que
783 1533 983 1576 solebam:
1034 1533 1080 1575 111

279 1604 389 1647 lucis
421 1606 517 1648 fieri

220 1675 361 1719 Lucar
397 1678 589 1735 uectigal

166 1760 198 1785 10
219 1748 393 1792 Lucifer
433 1764 591 1806 genere
632 1753 789 1793 neutro
831 1750 991 1794 dicitur
1031 1754 1082 1793 ut

279 1821 466 1864 donatus

218 1892 384 1935 Lucina
415 1894 495 1937 dea
522 1910 604 1950 que
630 1895 771 1937 lucem
797 1895 1079 1938 nascentibus

277 1968 447 2021 prestat
477 1967 561 2010 hoc
593 1970 720 2023 poete
751 1967 926 2024 fingunt

218 2036 382 2080 Lucina
427 2038 531 2082 luna
571 2039 774 2096 uirgilius
818 2041 938 2082 casta
980 2039 1079 2082 faue

277 2110 424 2153 lucina

217 2181 483 2226 Lucinantes
518 2184 747 2227 suadentes

216 2253 441 2298 Luctificis
473 2255 641 2298 luctum
673 2256 837 2299 faciens
871 2259 992 2298 stant
1025 2257 1078 2298 ad

277 2327 385 2369 tuba
404 2327 608 2370 luctificis
635 2329 783 2383 pulsat
810 2329 1076 2371 clamoribus

277 2399 431 2441 urbem

166 2479 199 2506 15
217 2469 359 2513 Lucus
403 2471 526 2514 locus
569 2471 772 2514 siluester
813 2472 979 2528 spissus
1025 2473 1079 2514 ab

279 2556 329 2584 eo
363 2543 478 2597 quod
509 2558 664 2598 parum
696 2544 841 2587 luceat

218 2611 401 2656 Ludices
435 2628 565 2671 sagos

1843 162 1846 165 .
1893 127 1980 168 219

1126 235 1347 292 Lugentes
1382 235 1487 278 dicti
1520 235 1644 292 quasi
1677 236 1771 278 luce
1804 239 1980 293 egentes

1184 308 1296 350 unde
1341 310 1384 350 et
1434 308 1579 351 luctus
1624 307 1783 351 dicitur
1832 308 1980 364 lugere

1183 382 1330 422 autem
1374 379 1534 422 dicitur
1578 380 1680 422 dum
1723 380 1820 436 quis
1864 379 1981 435 piam

1183 466 1280 493 cum
1326 451 1473 494 dolore
1516 452 1717 495 habitum
1760 452 1980 494 sordidum

1181 525 1278 566 utat

1121 593 1227 637 Luit
1260 595 1396 638 soluit
1428 595 1542 638 sicut
1573 596 1684 638 lutio

1122 666 1273 709 Luicio
1306 666 1414 709 iuris
1447 668 1630 710 uerbum
1663 672 1731 711 est

1121 739 1336 782 Lunatica
1369 740 1485 795 quod
1517 740 1569 782 fit
1600 740 1730 794 pleno
1763 741 1883 783 lunio
2001 753 2034 777 20

1121 811 1325 867 Lupanar
1351 812 1474 854 locus
1500 811 1575 853 ubi
1603 815 1797 854 scortum
1818 815 1884 855 est
1911 814 1980 855 uel

1180 884 1425 940 prostipule
1471 883 1562 926 siue
1606 884 1682 926 ubi
1731 885 1979 928 meretrices

1182 956 1430 1002 consistunt

1121 1029 1369 1084 Lupanaria
1401 1029 1557 1071 mulier
1584 1029 1699 1071 enim
1731 1029 1835 1085 lupa
1867 1030 1981 1072 dicta

1181 1104 1248 1143 est
1280 1102 1489 1143 meretrix

1121 1172 1371 1229 Lupanaria
1403 1173 1506 1230 lupa
1533 1174 1650 1216 dicta
1676 1176 1744 1216 est
1776 1173 1980 1216 meretrix

1181 1247 1231 1288 de
1286 1261 1373 1301 qua
1421 1245 1504 1289 hoc
1554 1246 1819 1288 uocabulum
1870 1261 1982 1288 sum-

1180 1322 1275 1361 tum
1307 1321 1374 1361 est

1120 1390 1368 1446 Lupanaria
1400 1389 1553 1433 cellule
1586 1390 1867 1434 meretricum

1119 1463 1368 1519 Lupanaria
1407 1461 1650 1504 ludibriosa
1686 1464 1892 1505 meretrix
1931 1464 1981 1506 de
2002 1473 2036 1499 25

1180 1549 1265 1590 qua
1290 1534 1374 1578 hoc
1401 1534 1664 1577 uocabulum
1695 1537 1889 1578 sumtum
1916 1538 1983 1578 est

1120 1607 1266 1663 Lupas
1298 1607 1549 1650 meretrices

1119 1678 1303 1735 Lupatis
1335 1679 1470 1722 frenis
1502 1679 1683 1723 lucanus
1718 1679 1860 1722 lurida
1891 1681 1981 1736 pal-

1180 1752 1273 1794 lens

1118 1823 1379 1879 Lupercalia
1417 1824 1650 1881 gentilium
1689 1825 1832 1868 cultor
1866 1827 1981 1881 quod

1180 1911 1321 1938 mares
1354 1897 1504 1939 colunt

1118 1968 1376 2024 Lupercalia
1408 1966 1605 2024 gentium
1640 1969 1784 2012 cultus
1818 1970 1949 2013 marti

1117 2040 1353 2083 Luricones
1387 2041 1667 2084 deuoratores
2001 2054 2035 2078 30

1118 2112 1264 2170 Lurgo
1298 2113 1445 2169 glutto

1117 2184 1280 2227 Lurida
1324 2185 1461 2227 libida
1499 2185 1678 2228 lucanus
1718 2202 1873 2243 spuma
1918 2188 1978 2230 lu-

1176 2255 1336 2314 patis2)

1116 2329 1381 2372 Lusciuosus
1409 2329 1482 2385 qui
1515 2331 1768 2385 uesper-tino
1802 2334 1878 2373 aut
1911 2348 1981 2388 pa-

1181 2417 1278 2444 rum
1311 2404 1387 2444 aut
1419 2400 1599 2458 nichil3)
1631 2403 1752 2445 uidet

1119 2473 1287 2516 Luscus
1321 2473 1463 2516 minus
1497 2474 1650 2517 uidens

1119 2544 1343 2588 Lusitacio
1375 2546 1496 2588 lasus
1529 2546 1676 2589 brebis
2001 2558 2034 2582 35

1120 2617 1330 2660 Lustrato
1357 2618 1554 2674 inspecto
1582 2621 1658 2660 aut
1684 2618 1864 2662 uisitato
1892 2620 1979 2661 lan-

316 2757 351 2800 1)
382 2760 468 2791 ante
493 2755 547 2791 tio
572 2759 597 2792 2
623 2757 690 2793 litt.
718 2769 810 2794 eras.
830 2758 842 2802 ΙΙ
871 2759 907 2804 2)
932 2760 949 2794 t
973 2770 1018 2795 ea:
1043 2771 1134 2796 corr.
1162 2771 1207 2796 m.
1222 2762 1247 2795 2
1267 2761 1278 2805 ΙΙ
1298 2760 1334 2804 3)
1360 2758 1436 2794 10111
1462 2760 1504 2796 in
1529 2771 1602 2796 ras.
1630 2772 1673 2796 m.
1689 2763 1714 2796 2
1733 2760 1745 2805 ΙΙ

318 2888 349 2920 6.
376 2884 527 2920 lanatus
555 2898 599 2922 ea:
623 2886 776 2923 labatus
802 2900 894 2926 corr.
933 2891 945 2936 ΙΙ
983 2895 1014 2926 7.
1042 2893 1153 2937 aptus
1181 2902 1225 2927 ex
1251 2890 1362 2925 abtus
1388 2902 1479 2926 corr.
1518 2892 1530 2936 ΙΙ
1570 2894 1624 2926 12.
1653 2892 1755 2926 caste
1785 2893 1790 2937 Ι
1822 2892 1909 2928 faue
1935 2905 1980 2929 ea:

220 2944 307 2980 fabe
334 2956 425 2981 corr.
446 2947 457 2990 ΙΙ
485 2950 538 2981 17.
567 2948 692 2982 mutat
714 2949 726 2993 ΙΙ
757 2953 811 2985 18.
838 2949 937 2985 lucio
962 2951 974 2995 ΙΙ
1000 2954 1055 2986 19.
1082 2950 1207 2986 Luitio
1233 2952 1244 2995 ΙΙ
1276 2953 1332 2986 21.
1359 2949 1611 2995 prostibulum
1630 2951 1641 2995 ΙΙ
1672 2954 1727 2986 22.
1755 2950 1839 2987 isid.
1867 2954 1943 2989 cod.
1969 2954 1981 3000 Η

222 3008 278 3040 23.
307 3006 497 3051 sumptum
525 3007 530 3049 Ι
558 3005 642 3042 isid.
669 3008 746 3043 cod.
785 3009 796 3053 ΙΙ
833 3012 889 3045 24.
917 3009 1002 3046 isid.
1029 3011 1105 3046 cod.
1144 3011 1156 3055 ΙΙ
1195 3014 1250 3045 25.
1279 3011 1470 3056 sumptum
1501 3010 1505 3056 Ι
1534 3009 1617 3044 13111.
1645 3010 1722 3046 coel.
1760 3012 1771 3055 ΙΙ
1811 3015 1868 3047 26.
1895 3012 1978 3050 isid.

223 3065 299 3100 cod.
331 3066 344 3110 ss
375 3068 432 3100 28.
458 3065 684 3112 Luprocalia
713 3067 725 3112 ss
757 3071 813 3103 29.
839 3068 1066 3115 Luprocalia
1093 3071 1098 3115 1
1127 3069 1327 3115 gentilium
1358 3071 1370 3115 ΙΙ
1403 3073 1459 3105 32.
1486 3069 1608 3104 liuida
1633 3081 1677 3106 ex
1704 3069 1826 3106 libida
1851 3084 1941 3109 corr.
1970 3074 1979 3117 l?

225 3126 280 3159 33.
307 3123 399 3159 nicil
426 3136 468 3160 m.
484 3128 518 3171 1,
544 3124 661 3160 nichil
687 3138 731 3162 m.
748 3131 769 3163 5
789 3129 801 3173 Η
827 3131 882 3165 35.
909 3128 1097 3164 Lusitatio
1120 3132 1124 3174 Ι
1147 3129 1251 3164 1113113
1274 3131 1279 3175 Ι
1300 3128 1427 3165 breuis
1448 3130 1459 3174 ΙΙ
