2221 3490
577 121 834 156 EXOERPTA
859 121 924 156 EX
950 122 1122 157 CODICE
1150 121 1432 159 CASSINENSI
1459 128 1504 158 90
1830 126 1916 167 559

166 230 298 285 Terre
332 231 488 286 cymba
525 231 739 273 loalarum
770 232 814 273 id
848 235 915 274 est
947 247 1021 274 no·
1060 231 1243 275 Velinus
1306 234 1425 275 lacus
1488 234 1609 276 iuxta
1665 235 1918 277 rosulanum
1941 248 1973 272 ιε’»

224 303 381 345 ciuitas
409 303 559 359 egypti
586 318 669 358 que
696 303 944 345 alexandria
963 303 1023 344 di·
1120 318 1275 360 agrum

225 374 339 416 citur
369 375 441 416 uel
474 377 684 430 egyptum
1062 375 1140 417 Vis
1173 375 1445 431 possibilitas
1478 377 1689 419 uiolentia

165 446 362 488 Tetricus
397 448 597 488 austerus
630 461 807 488 seuerus
1062 445 1265 489 Violator
1315 461 1424 502 aque
1470 448 1544 502 qui
1594 464 1809 491 uenenum
1853 451 1914 491 ibi

164 518 375 560 Testones
409 518 603 560 testiculi
1121 518 1262 560 mittit

163 589 444 646 Tempestiba
477 592 694 646 oportuna
1066 589 1175 631 Vola
1201 605 1353 631 manus
1380 590 1575 632 inuolare
1602 592 1718 633 intra
1743 608 1918 634 manum

128 670 144 695 5
165 661 299 703 Tenia
329 662 443 704 uitta
475 662 545 704 uel
577 660 832 703 extremitas
865 659 977 701 uitte
1121 664 1266 703 tenere

163 733 346 776 Tessera
387 734 623 776 simbolum
662 731 868 774 bellicum
907 731 1021 786 quod
1061 732 1213 775 Voueo
1247 748 1452 776 consecro
1487 735 1636 777 dedico

223 806 275 848 ad
306 819 501 862 pugnam
534 804 792 847 exeuntibus
825 803 1011 845 dabatur
1060 803 1212 847 Vulsci
1246 805 1320 860 qui
1354 808 1397 846 et
1430 821 1613 848 ausones
1648 821 1753 862 gens
1795 808 1915 849 ita-lic
1938 822 1972 846 20

1061 876 1250 918 onrius
1284 877 1431 918 uxoris
1467 877 1659 919 seruiens

163 947 294 991 Vafre
326 949 627 992 inconstanter
658 947 920 1002 inequaliter

163 1020 313 1063 Vanus
333 1021 466 1063 fallax
488 1020 562 1076 qui
583 1021 674 1062 sine
695 1019 888 1061 utilitate
907 1033 1021 1060 men-
1059 1019 1359 1075 Yperaspistis
1387 1034 1512 1076 grece
1534 1021 1668 1063 latine
1694 1026 1918 1076 protector

220 1093 329 1135 titur
1120 1097 1241 1131 ΗΠΕΡ
1280 1107 1450 1147 quoque
1489 1096 1610 1134 trans
1649 1094 1811 1148 positio
1852 1097 1918 1136 est

160 1164 335 1208 Vestire
368 1165 533 1220 inplere
1118 1165 1230 1220 apud
1252 1179 1406 1220 grecos
1427 1167 1470 1206 et
1490 1165 1669 1220 ponitur
1687 1180 1766 1220 pro
1789 1181 1919 1221 super

110 1246 140 1269 ¹0
163 1237 325 1280 Vescas
352 1240 524 1280 teneras
553 1236 689 1278 siccas
713 1235 846 1277 exiles
867 1235 1019 1277 edaces
1116 1252 1204 1279 non
1221 1236 1391 1292 quando
1412 1237 1456 1278 in
1477 1237 1573 1278 loco
1595 1237 1770 1291 aliquod
1789 1252 1918 1292 super

220 1310 479 1366 appetibiles
1117 1309 1312 1363 positum
1358 1307 1577 1364 significat
1626 1309 1701 1350 sed
1745 1309 1917 1364 quando

161 1382 301 1424 Venia
329 1381 588 1424 beneficium
1118 1381 1216 1435 plus
1249 1379 1414 1436 aliquid
1448 1380 1596 1435 itaque
1629 1381 1917 1436 yperaspistis

159 1452 346 1495 Vesulus
380 1468 505 1495 mons
538 1453 696 1508 ligurie
1118 1455 1240 1494 trans
1279 1452 1427 1494 fideles
1468 1451 1553 1494 dici
1591 1455 1738 1508 potest
1782 1453 1916 1507 rystis

157 1523 397 1567 Versamus
429 1525 681 1566 habitamus
1118 1525 1233 1566 enim
1266 1539 1392 1581 grece
1424 1524 1530 1566 fides
1563 1523 1722 1566 dicitur

159 1597 284 1639 Velle
316 1597 485 1639 tribuat
516 1597 630 1638 idest
663 1597 939 1638 uoluntatem

336 1910 426 1959 VII
483 1911 825 1958 EXGERPTA
863 1911 948 1958 EX
989 1912 1212 1960 CODICE
1253 1910 1637 1959 CASSINENSI
1678 1912 1736 1957 90

442 2011 475 2028 .,
921 1992 1081 2037 (saeculi
1106 1993 1153 2038 X)

154 2098 347 2143 Abstans
382 2101 547 2143 distans
1054 2103 1228 2145 Abilior
1262 2102 1458 2159 gulosior

153 2173 401 2230 Abnegatio
435 2174 581 2229 sepius
615 2174 783 2230 abnego
1053 2175 1285 2217 Abernunt
1318 2176 1522 2216 auertunt

156 2246 362 2288 Abscisos
396 2245 537 2302 gallos
571 2246 790 2288 eunuchos
1051 2246 1440 2289 Ablimiethesium
1470 2245 1585 2287 idest
1617 2245 1792 2286 termini

155 2317 366 2360 Abricum
407 2317 552 2360 locum
592 2320 883 2372 temperatum
921 2317 1012 2360 sinc
1052 2319 1219 2361 Abluta
1251 2319 1476 2374 sepultura
1508 2317 1703 2372 reposita

212 2389 358 2446 rigore
1051 2391 1190 2434 Actus
1221 2391 1269 2433 in
1301 2390 1507 2434 comediis
1541 2389 1761 2445 significat
1792 2392 1910 2431 certa
1933 2403 1964 2428 15

118 2468 134 2492 ⁵
153 2460 319 2503 Abrem
352 2464 503 2504 contra
535 2462 752 2503 rationem
1112 2464 1256 2519 spatia
1276 2463 1547 2506 canticorum
1573 2461 1678 2503 alibi
1706 2462 1820 2502 inter
1845 2461 1910 2502 ui—

156 2533 404 2589 Abrogatus
439 2533 633 2576 aufertus
1111 2535 1230 2578 cinos
1256 2538 1465 2591 quattuor
1491 2534 1650 2589 pedum
1675 2533 1815 2574 latum
1838 2533 1912 2574 alii

151 2603 375 2662 Abiegene
391 2619 494 2648 oues
511 2621 594 2661 que
616 2605 813 2662 geminos
834 2606 1011 2662 pariunt
1109 2608 1154 2650 in
1189 2607 1456 2664 geometrica
1494 2606 1709 2648 minorem
1740 2608 1911 2661 partem

211 2677 336 2732 quasi
378 2693 430 2719 ex
473 2681 657 2733 utraque
702 2680 827 2733 parte
873 2692 1010 2734 agnos
1110 2680 1251 2736 iugeri
1276 2680 1390 2721 idest
1417 2677 1450 2721 C
1483 2677 1726 2733 nonaginta
1751 2677 1909 2732 pedum

209 2748 426 2792 lactantes
1110 2752 1238 2794 modo
1259 2754 1430 2794 motum
1450 2750 1645 2805 corporis
1665 2752 1714 2790 ut
1735 2748 1911 2790 histrio-

151 2820 332 2863 Abiaria
371 2825 538 2864 secreta
575 2836 754 2864 nemora
786 2836 868 2877 que
908 2838 1010 2865 aues
1110 2839 1214 2865 num
1240 2826 1283 2865 et
1311 2823 1572 2865 saltatorum
1602 2821 1675 2876 qui
1703 2821 1838 2862 etiam
1859 2835 1909 2862 cx

209 2892 491 2948 frequentant
1108 2895 1191 2938 hoc
1224 2895 1394 2938 actuosi
1427 2894 1629 2936 dicuntur

150 2965 412 3021 Abstrepitu
445 2966 572 3021 signa
604 2981 686 3022 que
717 2981 815 3009 cum
846 2981 1009 3022 pauore
1048 2967 1274 3010 Achantus
1308 2981 1444 3023 genus
1481 2965 1602 3007 floris
1634 2967 1661 3020 t]
1693 2965 1730 3006 si
1762 2968 1908 3007 uestes

211 3038 400 3079 solemus
435 3039 582 3081 audire
1107 3039 1360 3081 inficiuntur

98 3121 132 3145 10
152 3109 520 3152 Abominabiliter
553 3109 793 3153 orribiliter
1049 3111 1273 3153 Accersito
1308 3112 1488 3152 euocato
