2216 3402
219 130 244 171 8
662 129 899 164 PLACIDVS
925 127 1175 163 LIBRORVM
1201 128 1515 164 ROMANORVM

219 240 483 281 Ambronem
545 238 715 294 prohibe
776 236 1069 292 improbitatis

278 313 432 366 agente
454 310 663 365 gallorum
679 309 752 364 qui
773 323 867 350 cum
882 308 1070 363 cybi-iste

278 382 506 436 utonisque
539 382 780 422 crassantes
811 379 988 434 periere.

220 452 418 493 Amussis
461 451 634 505 regulae
674 450 740 491 uel
783 450 957 492 tabulae
997 450 1068 505 qui

278 526 459 564 utuntur
498 521 684 563 artifices
724 521 776 562 ad
815 535 918 562 saxa
957 521 1068 562 unde

279 593 529 634 aduerbium
562 591 746 634 diximus
779 592 1051 634 examussim.

218 665 413 719 Agoniae
429 663 628 705 uictimae
648 664 715 705 uel
735 663 903 705 hostiae
923 663 1070 705 hostia

278 739 421 777 autem
449 735 588 776 minor
614 734 792 776 uictima
812 733 950 776 maior
970 734 1070 789 quia

277 807 363 848 icta
407 806 522 847 cadit
566 805 634 846 uel
680 805 781 860 quia
824 805 971 846 uincta
1017 806 1070 846 ad

277 893 372 919 aras
417 876 665 931 perducitur
709 876 878 918 hostiae
927 879 1068 918 autem

278 963 411 1003 aeque
427 948 480 990 ab
495 947 763 989 hostimento
784 948 897 989 idest
917 962 1068 1001 aequa—

278 1022 423 1060 mento
456 1019 523 1060 uel
553 1019 665 1073 quod
693 1019 869 1059 deorum
903 1021 1068 1059 mentes

277 1090 539 1132 extimentur
560 1090 729 1144 iniquae
747 1089 915 1130 hostiae
931 1089 1069 1131 dictae

277 1162 330 1202 ab
365 1175 414 1202 eo
442 1161 555 1215 quod
587 1175 662 1215 per
694 1160 791 1201 illas
825 1160 1069 1202 sacerdotes

276 1232 423 1273 futura
447 1232 653 1273 nuncient
673 1232 783 1273 unde
805 1231 937 1272 etiam
964 1231 1069 1272 anti-

277 1303 350 1357 qui
387 1302 638 1358 peregrinas
672 1305 714 1343 et
751 1302 845 1357 pari
884 1302 974 1344 iure
1009 1302 1070 1343 ui-

277 1376 426 1414 uentes
454 1374 557 1414 adeo
585 1387 721 1427 usque
747 1374 839 1414 fieri
867 1374 979 1429 quod
1004 1376 1071 1415 est

277 1444 493 1498 propicios
526 1446 697 1498 praeter
737 1444 939 1499 antiquos
976 1459 1070 1501 age-

276 1516 390 1557 bant.

254 1726 473 1770 INCIPIT
505 1727 620 1769 PER
652 1728 687 1769 B
720 1727 1032 1770 LITTERAM.

182 1813 197 1836 5
218 1799 331 1841 Boni
364 1798 574 1853 aequique
607 1798 747 1841 facere
779 1799 894 1840 bono
925 1799 1068 1840 animo

276 1871 397 1912 ferre.

218 1942 377 1983 Blattit
408 1940 633 1996 praecipue
667 1940 870 1995 loquitur.

217 2012 399 2054 Batioca
435 2015 583 2066 patera
621 2012 792 2066 argenti
823 2012 874 2053 ad
913 2012 1070 2053 sacrifi-

279 2084 472 2125 candum.

217 2154 422 2195 Bibinare
461 2153 714 2209 sanguinem
756 2153 973 2208 inquinari
1011 2154 1070 2195 ui-

278 2225 492 2266 uinarium
525 2227 669 2265 autem
697 2227 763 2266 est
793 2225 968 2280 sanguis
997 2225 1070 2279 qui

279 2295 529 2336 mulieribus
561 2296 794 2337 menstruis
827 2296 957 2337 uenit.

220 2366 341 2407 Boba
389 2365 617 2407 uehemens
668 2367 800 2408 rubor
855 2366 1071 2408 interdum

279 2451 412 2492 genus
446 2436 668 2490 serpentis.

170 2520 200 2543 10
221 2508 415 2548 Baburra
447 2507 634 2548 stultitia
666 2507 837 2562 ineptia.

220 2577 460 2619 Bobinator
491 2577 677 2618 tricosus
710 2581 753 2619 et
784 2578 1046 2619 inconstans.

1107 237 1250 279 Baxae
1286 237 1415 280 calcei
1450 237 1641 279 mulieris
1675 238 1764 279 alti.

1107 308 1348 351 Buteonem
1381 307 1588 350 iuuenem.
1646 314 1648 316 '

1107 379 1320 422 Bolonare
1347 379 1545 434 demptor
1571 380 1872 422 caetariarium
1897 382 1959 422 ta-

1166 451 1397 492 bernarum
1427 450 1472 491 in
1490 450 1660 505 =quibus
1696 450 1960 492 salsamenta

1166 522 1407 563 conduntur
1439 535 1545 576 quas
1584 521 1789 563 tabernas
1823 521 1958 577 uulgo

1167 593 1348 634 cetarias
1381 595 1550 634 uocant.

1106 663 1240 705 Batos
1271 663 1430 705 herbae
1463 677 1608 718 genus.
1980 675 2013 700 1⁵

1106 734 1267 776 Bascas
1301 734 1593 775 calciamenta.

1106 805 1249 860 Bulga
1280 819 1429 847 saccus
1462 819 1622 847 coreus.

1107 875 1265 917 Bibino
1296 879 1517 917 menstruo
1544 876 1587 917 id
1613 878 1681 918 est
1706 875 1839 917 fluuio
1867 890 1960 917 san-

1167 946 1322 1002 guinis.

1107 1017 1277 1058 Bubum
1312 1019 1478 1060 senium
1511 1032 1757 1074 anguorem.

1107 1089 1471 1131 Burreuatroniae
1485 1089 1630 1131 fatuae
1649 1105 1674 1130 a
1689 1089 1887 1144 stupidea
1903 1089 1960 1131 fa·
1982 1101 2016 1126 20

1167 1160 1270 1200 bula
1313 1160 1496 1214 quadam
1548 1160 1720 1202 uatroni
1771 1160 1960 1202 auctoris

1168 1245 1296 1284 quam
1323 1231 1453 1272 burra
1479 1230 1701 1286 inscripsit
1727 1231 1796 1274 uel
1824 1246 1849 1273 a
1873 1246 1961 1273 me-

1166 1300 1320 1342 retrice
1353 1301 1494 1343 burra.

1107 1371 1298 1413 Bardum
1354 1373 1553 1414 hebetem
1609 1373 1817 1415 stolidum
1869 1374 1961 1416 bre-

1168 1443 1354 1485 tendum.

1107 1513 1270 1555 Bellica
1308 1514 1506 1556 columna
1544 1517 1642 1557 ante
1686 1515 1834 1557 aedem
1877 1515 1962 1557 bel-

1166 1584 1291 1626 lonae
1354 1599 1462 1640 quae
1523 1586 1631 1640 pirri
1692 1586 1961 1641 temporibus

1167 1656 1406 1698 constituta
1426 1656 1584 1698 dicitur
1603 1660 1652 1699 ut
1677 1660 1882 1699 exeuntes
1909 1658 1961 1699 ad

1166 1726 1328 1768 bellum
1355 1727 1675 1781 superiacerent
1708 1743 1803 1770 eam
1833 1728 1962 1771 hasta

1167 1797 1302 1839 ueluti
1335 1800 1565 1852 conspecto
1597 1797 1723 1840 hoste
1754 1799 1903 1841 issent.
1950 1810 1954 1813 '

1107 1868 1360 1910 Bombinari
1393 1869 1634 1910 combicare
1667 1870 1864 1912 clamare.

1107 1940 1219 1981 Boni
1252 1939 1499 1981 consultum
1532 1940 1638 1982 bene
1671 1944 1907 1996 acceptum.

1108 2011 1258 2052 Bissus
1291 2010 1460 2065 generis
1493 2012 1560 2051 est
1590 2010 1798 2053 feminini.

1108 2080 1337 2123 Babilonia
1374 2080 1610 2135 principale
1655 2082 1846 2124 ciuitatis
1887 2097 1961 2124 no-

1168 2167 1266 2194 men
1297 2154 1341 2193 et
1372 2154 1422 2192 ut
1454 2155 1593 2206 troya.

1107 2223 1336 2264 Babilonia
1373 2237 1475 2264 uero
1509 2223 1797 2264 deriuatiuum
1835 2226 1885 2265 ut
1923 2224 1960 2265 si

1167 2293 1283 2335 dicas
1326 2308 1430 2349 gens
1473 2296 1548 2335 aut
1589 2293 1755 2348 aliquas
1797 2294 1959 2349 species

1167 2367 1216 2405 ut
1247 2367 1372 2419 troya
1404 2367 1596 2417 troyana.
1635 2379 1735 2405 nam
1768 2367 1811 2406 et
1842 2365 1960 2406 babi-

1166 2434 1263 2476 lone
1297 2437 1339 2475 et
1372 2434 1619 2476 babilonam
1650 2435 1842 2477 dicimus.

1108 2505 1411 2547 Beniuolentia
1454 2507 1497 2546 et
1540 2505 1839 2547 maliuolentia
1883 2521 1960 2561 per

1167 2576 1215 2618 .i.
1247 2590 1335 2617 non
1364 2591 1440 2630 per
1472 2590 1528 2617 .e.
1561 2575 1717 2623 dicitur
1745 2577 1958 2631 quomodo

1979 2035 2014 2061 25

317 2710 345 2740 1.
373 2705 557 2751 gallorum
584 2705 674 2741 11262.
703 2705 869 2749 galerum
890 2706 923 2740 c¹
947 2707 952 2750 1
975 2705 1124 2740 cimbris
1151 2703 1387 2748 teutonisque
1413 2714 1502 2739 corr.
1525 2702 1605 2738 b²c²
1629 2704 1641 2747 11
1661 2706 1692 2738 3.
1720 2702 1784 2747 qui
1805 2703 1882 2738 icta
1907 2716 1931 2739 a
1951 2703 1956 2750 1

220 2764 366 2797 ηιιΐίοιή
385 2767 430 2808 cl
459 2764 632 2808 antiquas
653 2776 675 2798 (ι
712 2766 723 2808 11
761 2769 791 2798 .Γ).
821 2764 904 2808 equi
932 2776 954 2798 (ι
991 2766 1002 2808 11
1040 2767 1071 2798 8.
1099 2763 1283 2797 Bubinare
1305 2761 1365 2806 0²1
1395 2761 1576 2806 sanguine
1602 2761 1637 2796 οἳ
1674 2763 1678 2806 1
1718 2761 1957 2797 bubinarium

220 2835 308 2858 carr.
336 2825 371 2857 οἳ
402 2825 413 2867 11
445 2827 476 2857 9.
510 2824 532 2857 f.
564 2823 636 2857 boa
669 2835 694 2858 s.
732 2825 771 2857 in
796 2835 906 2868 mara.
924 2824 961 2857 11²
993 2825 1003 2868 11
1022 2826 1089 2857 ,10.
1119 2821 1285 2856 stulticia
1312 2833 1335 2855 α
1366 2822 1376 2864 11
1409 2823 1463 2855 14.
1499 2819 1640 2854 Bolona
1674 2821 1885 2866 redemptor
1915 2833 1959 2857 ex

221 2905 403 2939 Bolonare
430 2906 599 2950 demptor
624 2918 650 2940 c.
678 2886 816 2940 bolona
848 2918 874 2939 s,
904 2905 988 2940 uide
1020 2904 1202 2950 glossaria
1234 2903 1392 2949 graecol.
1420 2904 1462 2936 ut
1490 2902 1539 2936 sit
1570 2902 1712 2937 Bolona
1750 2903 1958 2949 redempto—

222 2976 302 2998 rum
329 2964 550 2998 cctariarum
577 2965 614 2999 b²
637 2966 641 3006 1
664 2963 907 2998 caeterarium
935 2976 986 2999 ac
1008 2964 1012 3008 1
1036 2962 1193 2997 cet-arios
1219 2975 1242 2997 ιι
1262 2964 1273 3007 11
1294 2967 1347 2997 18.
1374 2961 1519 2996 Bubino
1545 2974 1634 2997 corr.
1661 2962 1800 3006 0²1120.
1827 2962 1958 2997 Burre-

222 3022 371 3056 uatouic
393 3035 415 3056 (ι
434 3024 444 3065 11
470 3026 525 3057 22.
553 3022 712 3056 colunna
731 3036 754 3057 (ι
779 3025 790 3066 11
816 3026 870 3057 23.
898 3022 921 3057 f.
947 3021 1123 3056 Bouinari
1144 3020 1345 3054 conuiciari
1365 3020 1450 3054 uide
1470 3019 1624 3064 glossar.
1647 3021 1684 3055 b²
1713 3025 1716 3062 1
1745 3019 1958 3055 bombicare

223 3094 311 3117 corr.
328 3083 361 3116 εἓ
381 3083 392 3125 11
413 3084 466 3115 24.
488 3081 580 3115 Boui
596 3095 616 3116 (ι
637 3083 647 3125 11
667 3086 722 3116 25.
738 3081 840 3115 bisus
856 3094 877 3115 ιι
897 3083 908 3126 11
928 3084 982 3115 27.
999 3079 1221 3116 f.Babi10ua
1237 3080 1273 3115 b²
1296 3081 1301 3125 1
1323 3078 1566 3113 diriuatiuum
1584 3080 1603 3114 b
1626 3081 1631 3124 1
1654 3080 1691 3113 et
1707 3078 1900 3114 babilonia
1917 3068 1959 3115 cll
