2221 3490
926 132 1141 169 GLOSSAE
1170 131 1422 168 SCALIGERI

300 242 571 286 Mullitiones
590 242 817 284 ardianum
834 245 1046 284 serretum
1067 242 1158 284 siue

361 314 690 356 constitutionis

299 384 591 427 Mercedarius
614 385 689 441 qui
715 386 789 427 dat
816 385 1058 427 mercedem
1078 399 1158 439 pro

360 456 509 499 labore
544 456 629 499 sibi
661 457 859 512 impenso

301 528 544 571 Moratores
578 529 780 572 aduocati

300 599 562 642 Marsiculus
607 601 681 655 qui
727 601 814 642 cito
859 602 1062 642 mouetur
1107 599 1159 640 ad

360 671 482 713 iram.
540 671 724 714 Plautus
770 672 874 726 quid
920 671 982 712 ais
1027 671 1159 712 homo

358 743 618 785 marsicule‘?

264 829 280 854 5
300 813 524 856 Manutius
558 829 740 871 magnas
774 829 926 856 manus
958 815 1124 856 habens

299 885 501 928 Manuale
535 887 647 928 liber
673 887 725 928 ad
758 886 996 942 gerendum
1030 888 1157 941 aptus

359 958 432 1013 qui
465 957 735 1000 enchiridion
766 958 926 999 dicitur

300 1029 461 1085 Mappa
493 1045 684 1086 gausape
719 1029 873 1086 tegilla
905 1029 1147 1085 expiarium

298 1101 506 1144 Miriones
541 1102 772 1144 miratores

297 1173 524 1215 Miridicus
556 1174 667 1215 mira
700 1174 845 1216 dicens

247 1261 278 1286 ιο
297 1245 536 1287 Mandones
571 1247 801 1288 ambrones
835 1245 1098 1287 tardeliones

296 1316 538 1374 Murilegus
574 1321 696 1360 catus

297 1389 543 1445 Muscipula
576 1390 827 1446 captentula

296 1460 616 1517 Muscipulator
648 1463 853 1518 deceptor
886 1462 1099 1517 alterplex

296 1532 553 1576 Mustricola
580 1534 782 1577 machina
803 1535 855 1576 ad
877 1534 1155 1590 stringendos

356 1620 500 1648 mures

242 1693 275 1719 15
295 1677 484 1720 Meraria
515 1679 678 1735 popina

295 1821 611 1864 Nefrenditium
624 1823 807 1864 annuale
815 1822 1030 1865 tributum
1041 1823 1155 1878 quod

356 1898 475 1937 certo
497 1898 692 1950 tempore
713 1895 865 1936 rustici
881 1895 1068 1936 dominis
1086 1895 1155 1936 uel

355 1966 559 2023 discipuli
598 1967 851 2009 doctoribus
895 1968 1047 2009 afferre
1087 1982 1154 2009 so-

354 2037 523 2081 lentum
549 2039 763 2081 duntaxat
791 2039 849 2081 sit
876 2054 1080 2081 carneum
1106 2041 1155 2081 ut

353 2111 572 2166 porcellus

294 2181 445 2225 Narici
477 2182 597 2225 bruti

293 2252 430 2297 Nario
464 2256 737 2297 subsannans

293 2325 507 2369 Natinare
539 2328 758 2384 negotiari

241 2412 275 2437 20
293 2398 510 2441 Nutinare
529 2414 686 2455 corpus
706 2399 929 2455 ingenium
952 2399 1154 2455 genitura

292 2470 334 2513 N
338 2472 553 2514 ecolatum
577 2472 762 2514 stultum
784 2474 828 2513 et
849 2471 1153 2527 elanguentem

292 2543 504 2586 Niniosus
538 2544 740 2601 garrulus

292 2614 548 2658 Nomicolac
559 2616 788 2659 tubercula
797 2631 905 2671 quae
915 2616 995 2658 sub
1006 2618 1152 2658 mento

353 2702 506 2742 caprae
540 2691 642 2731 sunt
806 2678 808 2680 ’

292 2758 443 2801 Norax
474 2764 680 2815 peccator
713 2760 973 2803 criminosus

238 2844 272 2870 25
292 2829 458 2874 Nabita
491 2836 652 2875 nancta

292 2902 452 2946 Nebris
499 2905 624 2960 diane
670 2905 838 2948 corium
876 2904 1001 2959 diane
1044 2919 1153 2959 quae

353 2991 450 3018 cum
484 2990 612 3019 ceruo
644 2977 842 3033 pingitur

291 3047 448 3090 Nibita
480 3063 593 3104 aqua
625 3064 677 3090 ex
708 3048 899 3090 nubibus
931 3047 1048 3091 facta

290 3119 484 3162 Nibarus
518 3121 768 3176 splendidus

1970 133 2056 174 605

1198 241 1358 284 Nitura
1390 241 1592 298 genitura

1197 313 1432 355 Nicolaum
1465 313 1651 355 stultum
2080 326 2113 349 30

1196 382 1406 426 Nicolaus
1440 384 1640 438 dactylus

1197 453 1341 496 Nictit
1375 455 1492 496 canis
1526 470 1659 510 quum
1692 459 1818 497 acute
1853 455 2007 511 gannit

1198 525 1300 568 Non
1332 527 1584 581 putatiuum
1616 541 1703 568 non
1737 530 1803 568 est
1835 527 2015 568 dubium

1196 596 1409 639 Notarius
1444 598 1632 652 scriptor
1664 597 1942 640 charaxarius

1197 668 1239 710 N
1243 669 1489 711 efandarius
2078 686 2111 711 35

1198 739 1401 795 Nuptant
1432 740 1604 782 nubunt

1197 811 1460 854 Nullatenus
1492 812 1614 853 nulla
1646 812 1815 854 ratione

1197 883 1309 925 Nixe
1342 884 1509 926 munite

1196 954 1394 997 Nardum
1420 955 1628 1010 pisticum
1649 955 1837 998 chrisma
1864 957 1957 998 sine
1981 957 2053 998 im-

1256 1030 1439 1082 postura

1196 1097 1413 1141 Nauricus
1446 1099 1570 1140 nauis
1602 1099 1804 1154 princeps

1196 1170 1429 1226 Nauregus
1461 1171 1715 1213 nauaretius

1196 1240 1406 1285 Naufieus
1439 1243 1565 1285 nauis
1598 1243 1739 1286 factor

1196 1313 1370 1356 Noxilis
1406 1329 1565 1357 nocens

1196 1384 1345 1427 Norax
1378 1389 1583 1441 peccator
1616 1387 1876 1429 criminosus

1195 1458 1385 1501 Nitellae
1412 1461 1647 1501 neutrones
1680 1459 1957 1513 parunitores
1986 1459 2055 1501 de-
2076 1476 2110 1501 45

1254 1531 1413 1572 minuti

1195 1602 1319 1644 Nihil
1352 1603 1469 1645 censi
1500 1602 1611 1644 nihil
1644 1603 1823 1645 iudicati

1194 1674 1494 1731 Nugigerulus
1527 1675 1669 1730 turpis
1702 1675 1885 1717 nuncius

1194 1745 1463 1789 Nominosus
1497 1746 1691 1790 famosus
1726 1747 1895 1790 celeber

1194 1818 1401 1861 Nonnula
1434 1821 1525 1860 rete
1560 1820 1613 1861 ad
1647 1819 1878 1875 capiendos
1913 1834 2014 1861 aues

1194 1890 1406 1932 Numeria
1438 1891 1517 1932 dea
1547 1890 1717 1932 numeri
2076 1909 2110 1933 50

1194 1963 1464 2018 Nuptorium
1490 1963 1643 2005 domus
1672 1966 1716 2004 et
1748 1963 1868 2005 locus
1894 1964 2056 2005 nuben-

1254 2035 1365 2077 tium

1193 2107 1448 2164 Nugiparus
1481 2107 1556 2162 qui
1588 2107 1705 2162 parit
1737 2121 1875 2163 nugas

1194 2179 1235 2222 N
1240 2180 1356 2221 asale
1392 2182 1696 2221 ornamentum
1728 2194 1938 2235 equorum

1194 2251 1431 2294 Nimiticus
1457 2250 1619 2293 nimius
1641 2250 1824 2293 eximius
1849 2252 2053 2294 immanis

1194 2324 1426 2366 Ninnarius
1473 2323 1595 2365 cuius
1640 2337 1750 2365 uxor
1798 2324 2055 2366 moechatur
2075 2340 2109 2365 55

1253 2400 1297 2438 et
1327 2399 1444 2438 tacet

1193 2467 1426 2523 Naucupes
1461 2467 1514 2509 ad
1547 2468 1729 2509 eundem
1764 2470 1939 2510 acutum
1981 2468 2053 2510 ha-

1251 2540 1358 2582 bens
1391 2540 1545 2595 pedem

1191 2610 1383 2653 Numida
1410 2611 1483 2666 qui
1514 2611 1665 2653 uendit
1695 2611 1854 2654 herbas
1881 2613 1950 2654 uel
1979 2612 2052 2668 qui

1253 2683 1332 2725 alit
1364 2698 1521 2738 pecora
1554 2684 1605 2725 ad
1640 2683 1912 2726 uendendum
2033 2679 2038 2684 ’

1193 2754 1368 2811 Nagare
1401 2755 1605 2797 uacillare
1632 2755 1718 2797 huc
1746 2758 1789 2796 et
1816 2755 1921 2797 illuc
1952 2756 2052 2799 fluc-

1253 2830 1378 2869 tuare

1193 2898 1285 2942 Nec
1317 2901 1446 2941 nocte
1478 2914 1556 2941 nec
1595 2899 1808 2941 simulate.
1842 2900 1962 2943 Pers.
1998 2927 2048 2931 ——

1254 2974 1342 3013 Nec
1372 2974 1485 3013 nocte
1510 2975 1629 3026 pater
1654 2972 1839 3025 plorabit

1192 3043 1409 3086 Neruicus
1442 3043 1695 3085 neruicosus
1730 3043 1857 3085 fortis
2071 3058 2105 3084 60

1191 3116 1431 3159 Netorsum
1463 3115 1610 3158 fusum
1641 3115 1769 3158 fusile
