2216 3402
220 129 278 171 94

281 242 324 281 et
355 242 561 294 portenta
594 239 796 280 dicuntur
829 252 911 292 que
945 237 1076 293 signi-

279 312 408 353 ficato
448 326 525 352 suo
566 310 729 365 aliquid
766 309 963 350 futurum
1001 309 1075 350 lio-

286 382 449 424 stendit

214 442 435 496 'portuosa
474 453 570 495 loca
609 452 792 495 dicimus
830 452 906 494 ubi
948 452 1076 493 multi

278 528 431 579 portus
465 527 567 566 sunt
598 525 642 565 id
675 527 741 566 est
772 524 950 566 nauium
992 527 1076 565 sta-

278 597 419 638 tiones

218 668 301 710 Pos
334 682 409 722 pes

218 739 494 781 Postliminio
508 737 539 785 ¹)
566 739 609 780 id
636 741 702 781 est
723 739 798 794 qui
824 739 1075 781 recessisset

276 812 437 853 iterum
471 814 514 852 et
545 810 729 852 redisset
762 808 829 867 (de
856 808 930 866 ql.)

220 882 483 925 Posthumus
504 883 662 924 dicitur
681 896 788 937 puer
805 882 879 937 qui
900 884 1073 923 mortuo

277 957 402 1009 puter
423 954 618 997 nascitur
632 954 754 1009 quasi
774 956 876 1009 post
894 953 1075 995 humum

278 1027 415 1080 patris
453 1026 497 1067 id
535 1029 602 1068 est
644 1026 913 1080 sepulturam
957 1028 1074 1080 post-

277 1097 410 1138 huma
441 1097 586 1152 puella
619 1097 821 1139 similiter
853 1097 969 1139 dicta

184 1182 199 1205 5
219 1170 404 1224 Preceps
446 1169 671 1211 acusatiuo
706 1184 808 1211 casu
841 1169 984 1211 locum
1018 1168 1073 1210 al-

279 1244 373 1282 tum
405 1244 448 1282 et
481 1244 524 1282 et
561 1241 854 1295 periculosum
892 1240 1074 1282 dicimus

278 1327 328 1354 ex
379 1327 465 1368 quo
515 1312 814 1367 praecipatare
866 1311 1074 1367 quidquid

279 1384 419 1438 possit
453 1384 489 1425 si
522 1386 668 1425 autem
693 1383 915 1426 hominem
942 1384 1073 1439 signi-

278 1458 407 1497 ficare
446 1456 647 1497 uolumus
686 1456 942 1511 precipitem
974 1455 1074 1497 dici-

279 1542 374 1569 mus
402 1527 547 1569 omnia
575 1528 665 1569 sine
692 1525 865 1582 m0d02)
899 1529 941 1568 et
966 1526 1073 1580 peri-

280 1599 376 1642 culo
409 1603 676 1655 pungentem

220 1671 463 1714 Praecessit
518 1672 657 1714 hiems
709 1672 753 1713 in
804 1670 1075 1726 temporibus

280 1744 434 1785 melius
461 1743 571 1785 dixit
602 1743 813 1798 precessit
840 1743 942 1797 quia
967 1741 1076 1784 aliut

280 1816 477 1870 sequitur
515 1815 586 1857 uel
631 1815 746 1870 quod
788 1814 889 1856 illut
931 1814 1075 1868 ipsum

280 1888 496 1929 dicturum
524 1890 590 1928 est
615 1901 717 1928 nam
746 1887 859 1941 quod
891 1885 1076 1941 preterit

280 1959 417 2000 redire
449 1973 537 2000 non
568 1958 708 2013 possit

222 2030 447 2072 Predictus
487 2032 553 2071 est
596 2030 743 2085 aliqua
780 2045 826 2071 re
859 2030 1076 2071 detemtus

281 2105 356 2144 aut
386 2102 551 2143 honore
584 2104 660 2142 aut
692 2101 866 2157 ingenio

223 2174 375 2215 Preme
408 2173 499 2215 fero
526 2173 653 2215 deum
680 2188 811 2228 supra
842 2173 986 2227 kapud
1016 2172 1075 2213 in—

281 2245 398 2301 genii
432 2245 516 2286 mei
550 2245 712 2286 extollo
745 2245 872 2286 deum

221 2317 548 2372 Prepositiones
577 2316 947 2371 superpositiones
974 2315 1076 2357 han-

283 2388 454 2430 casibus
488 2387 686 2429 seruiunt
722 2387 835 2429 hanc
872 2387 1075 2442 loquellis

171 2471 202 2495 ¹0
224 2460 412 2515 Presago
456 2459 652 2515 presagis
697 2473 926 2515 presagare
970 2458 1077 2501 facit

283 2535 326 2573 et
359 2534 425 2573 est
457 2531 596 2586 prime
630 2530 950 2587 coniugationis

225 2603 415 2658 Presago
461 2603 682 2658 presagire
727 2602 770 2643 id
815 2604 882 2643 est
932 2601 1078 2643 futura

738 127 972 163 PLACIDVS
999 126 1129 161 LIBRI
1156 126 1447 163 GLOSSARVM

1176 238 1316 279 dicere
1349 237 1479 282 tertie
1513 237 1834 292 coniugationis
1867 239 1970 279 sunt

1174 307 1427 364 productess)

1116 381 1397 422 Prescribunt
1430 380 1557 422 nobis
1591 383 1743 422 contra
1774 380 1923 423 dicunt

1116 452 1396 494 Prescribunt
1428 452 1555 494 nobis
1589 454 1822 494 occurrunt

1115 524 1444 566 Presentiscunt
1481 523 1664 565 uerbum
1697 527 1764 565 est
1796 538 1968 578 compo-

1175 596 1256 638 site
1277 595 1432 651 fugure
1454 611 1478 637 a
1499 596 1723 638 sentiendo
1746 595 1818 637 sed
1841 596 1968 637 modo

1173 667 1298 709 ualde
1332 667 1526 709 sentiunt

1113 739 1266 781 Preses
1293 742 1411 781 retor
1437 740 1655 795 prouintie
1683 741 1759 781 aut
1786 739 1967 781 alicuius
1990 753 2022 778 15

1172 811 1256 853 loci
1290 812 1474 853 tutelam
1506 811 1800 867 presidialiter
1832 810 1926 866 agit

1112 881 1355 924 Presidium
1390 883 1594 924 ausilium
1628 882 1818 924 militum

1116 954 1357 996 Presidium
1390 954 1638 1010 perfugium

1113 1026 1357 1068 Presidium
1391 1026 1601 1067 auxilium

1113 1097 1357 1139 Presidium
1389 1098 1509 1139 locus
1543 1097 1701 1153 refugii

1111 1168 1365 1224 Presignem
1397 1169 1674 1224 designatum
1700 1168 1789 1210 iam
1815 1169 1867 1210 ad
1894 1168 1968 1209 ali·
1988 1184 2023 1208 20

1173 1256 1302 1296 quam
1335 1240 1594 1296 dignitatem

1111 1312 1375 1369 Prestigiun]
1416 1312 1701 1368 prestigiator
1741 1312 1849 1355 facit
1879 1326 1968 1353 non

1171 1383 1470 1440 prestringent
1503 1386 1646 1426 cetera

1112 1456 1416 1512 Prestringens
1455 1455 1716 1511 prestigium
1754 1455 1968 1511 prestigia

1171 1531 1242 1570 tor
1282 1527 1388 1569 facit
1438 1542 1525 1569 non
1574 1527 1874 1583 prestringens
1925 1529 1969 1568 et

1174 1602 1316 1641 cetera
1348 1597 1414 1655 (de
1440 1596 1515 1654 ql.)

1113 1671 1332 1712 Preuertit
1371 1673 1414 1712 et
1451 1671 1745 1724 praeuertitnr
1785 1660 1967 1712 dicimus

1174 1742 1275 1798 quia
1305 1742 1488 1783 uerbum
1518 1745 1584 1783 est
1615 1742 1841 1784 hactiuum
1873 1742 1968 1783 loco

1174 1814 1269 1855 loco
1304 1828 1381 1855 suo
1409 1815 1557 1855 tamen
1583 1816 1626 1855 et
1656 1813 1748 1869 ipse
1781 1813 1969 1855 inuicem

1174 1885 1308 1926 uerba
1352 1888 1573 1940 ponuntur
1610 1888 1660 1926 ut
1703 1885 1749 1926 in
1792 1884 1968 1940 uirgilio

1175 1956 1482 2012 uolucremque
1526 1956 1632 2012 fuga
1676 1956 1970 2011 praeuertitur

1175 2029 1327 2070 ebrum
1358 2043 1436 2083 pro
1468 2028 1604 2069 uertit

1116 2099 1294 2141 Priuata
1314 2098 1517 2141 dicuntur
1537 2099 1712 2154 quensis
1735 2099 1842 2141 iuris
1870 2102 1971 2141 sunt

1116 2171 1354 2226 Priuilegia
1402 2170 1521 2226 leges
1571 2170 1844 2226 priuatorum
1895 2185 1971 2212 seu
1990 2186 2025 2212 25

1172 2242 1382 2284 beneficia
1409 2257 1490 2298 que
1521 2257 1546 2284 a
1576 2242 1847 2298 principibus
1875 2257 1973 2284 con-

1175 2314 1384 2356 ceduntur
1410 2314 1484 2356 sed
1509 2314 1731 2356 interdum
1752 2329 1777 2356 a
1796 2314 1972 2369 quibus-

1175 2386 1273 2427 dam
1311 2400 1389 2440 pro
1429 2385 1601 2441 legibus
1642 2385 1876 2441 priuilegia
1913 2385 1972 2426 di-

1175 2460 1331 2499 cuntur

1114 2529 1275 2570 Procos
1308 2528 1525 2583 principes
1559 2525 1627 2585 (de
1653 2526 1729 2585 yl.)

1115 2600 1460 2642 Profundissima
1510 2615 1594 2655 pax
1644 2599 1803 2641 dicitur
1854 2598 1969 2654 iugis

321 2759 355 2801 1)
381 2755 433 2791 mi
455 2767 525 2800 pro
546 2765 605 2789 mo
627 2766 717 2790 corr.
741 2767 785 2790 m.
803 2758 827 2791 2
848 2756 859 2799 ΙΙ
880 2756 915 2799 2)
943 2753 1013 2788 0ᾶο
1034 2754 1119 2789 add.
1140 2766 1186 2789 m.
1200 2756 1243 2790 2.-
1269 2754 1345 2797 fuit
1364 2765 1387 2787 α
1411 2765 1456 2788 m.
1474 2756 1491 2786 1
1519 2738 1554 2786 iii
1575 2754 1586 2797 Η
1607 2753 1642 2797 3)
1669 2763 1693 2786 u
1714 2763 1784 2797 pro
1810 2751 1823 2785 i
1841 2762 1932 2787 corr.
1958 2752 1970 2798 Η

226 2876 379 2919 potentat
411 2877 422 2920 [Ι
454 2878 485 2909 2.
512 2874 582 2909 Pos
608 2875 708 2910 oblit.
731 2877 736 2918 Ι
758 2886 851 2909 olom.
879 2877 974 2909 auct.
1001 2873 1099 2908 oblst.
1121 2874 1132 2916 ΙΙ
1164 2876 1195 2907 3.
1222 2872 1337 2918 idest]
1365 2871 1464 2906 idem
1494 2872 1497 2914 Ι
1520 2870 1772 2916 recensissetfl
1803 2873 1836 2906 4.
1862 2870 1971 2915 pater

228 2947 270 2969 m.
288 2939 317 2978 1,
352 2935 457 2979 patre
483 2938 565 2969 mat
602 2935 613 2978 ΙΙ
652 2937 682 2968 5.
716 2935 754 2968 et
785 2935 887 2970 alter.
913 2945 979 2969 om.
1015 2934 1020 2978 1
1055 2931 1279 2977 precipitare
1318 2934 1329 2977 ss
1367 2936 1397 2966 G.
1425 2931 1519 2965 illud
1556 2935 1559 2974 Ι
1594 2930 1731 2976 peterit
1764 2931 1769 2977 Ι
1802 2931 1929 2975 potest
1967 2930 1969 2973 ἶ

227 2998 257 3028 8.
286 2994 360 3028 fere
385 2997 388 3037 Ι
412 3006 521 3038 super
544 2996 547 3037 Ι
571 2993 690 3038 capud
715 2995 719 3037 Ι
742 2992 848 3029 cicer.
875 2994 951 3029 cod.
975 2994 987 3037 l}
1018 2995 1049 3027 9.
1076 2991 1304 3026 hancusibus
1324 2993 1336 3036 Η
1363 2995 1416 3026 11.
1444 2990 1638 3035 prodictae
1666 2991 1678 3035 ll
1710 2993 1765 3025 14.
1792 2990 1933 3035 figurae
1959 2989 1970 3035 Η

230 3057 283 3087 16.
311 3052 490 3087 auxilium
521 3055 533 3098 ῙΙ
564 3057 618 3087 20.
646 3053 693 3087 ad
720 3063 787 3087 om.
817 3054 828 3098 Η
861 3057 914 3088 23.
942 3054 1036 3088 hanc
1061 3053 1108 3097 91.
1135 3062 1200 3087 om.
1234 3053 1245 3095 {l
1276 3055 1332 3085 24.
1360 3049 1504 3084 Priuati
1537 3053 1541 3095 1
1578 3054 1648 3094 que
1676 3053 1698 3084 ξ
1724 3049 1755 3082 is
1782 3048 1856 3082 iuri
1882 3049 1970 3083 sunt

226 3125 270 3146 m.
288 3116 320 3156 1,
347 3111 409 3156 qui
437 3112 491 3146 sui
520 3112 610 3146 iuris
638 3113 725 3146 sunt
748 3124 793 3147 m.
810 3117 832 3146 (i
860 3114 871 3156 Η
