2221 3490
900 164 1113 200 GLOSSAE
1140 164 1393 200 SCALIGERI

273 272 512 315 Seruitium
551 273 787 315 multitudo
828 289 1055 316 seruorum
1087 277 1131 316 et

330 345 623 401 ingenuorum
657 346 916 401 obsequium

273 416 510 458 Simultum
536 416 697 458 uermis
723 416 770 458 in
794 417 998 459 cornibus
1027 417 1132 458 arie—

332 491 427 530 tum

273 559 491 602 Scansuae
530 560 695 601 ferrum
733 574 810 614 per
849 560 963 615 quod
997 575 1132 615 equus

333 632 504 674 scandit

274 703 442 746 Subcus
504 704 797 745 subcutaneus
862 703 1132 746 subcirratus

331 775 523 817 intercus
551 775 877 817 intercutaneus
899 775 1134 817 intercuta-

332 850 403 888 tus
437 847 664 889 subtercus
699 846 1060 888 subtercutaneus

234 929 251 954 5
274 916 435 960 Subses
470 919 543 974 qui
577 919 732 961 subtus
766 919 887 960 sedet

271 988 528 1032 Simfoniaci
562 993 810 1032 cantatores
843 990 999 1032 musici

202 1110 211 1118 ·
273 1060 520 1104 Samilubro
555 1062 741 1105 artificio

272 1131 451 1189 Sarapia
483 1135 660 1190 rapinae

272 1204 500 1248 Sabbatini
537 1221 791 1248 aranearum

218 1288 251 1312 10
273 1277 396 1319 Sario
431 1279 601 1320 sarculo

273 1349 389 1406 Saga
420 1365 581 1392 nomen
615 1365 812 1406 gemmae

272 1420 406 1464 Sacra
437 1437 525 1464 non
556 1422 737 1464 idoneus
766 1422 873 1464 artis
902 1436 1004 1463 suae
1032 1436 1130 1476 pro-

329 1493 471 1536 sessor

273 1565 536 1608 Scamellum
570 1565 815 1608 simfoniaci

272 1636 411 1680 Scana
444 1639 649 1680 arborum
682 1637 874 1679 densitas
907 1637 1043 1679 nimia

218 1718 250 1743 15
273 1709 425 1753 Scriba
458 1709 678 1752 aedilitius
707 1710 781 1764 qui
811 1724 862 1751 ex
895 1709 1030 1750 aedile
1064 1712 1130 1750 est

331 1782 393 1824 sic
427 1784 611 1824 uocatur
643 1797 695 1824 ex
727 1781 949 1824 aedilitate

272 1852 495 1909 Scipiones
528 1853 678 1907 uirgae
713 1854 941 1896 consulum

273 1925 537 1968 Salattarius
570 1928 771 1981 portator
804 1939 1025 1967 armorum

273 1996 507 2053 Scapolum
538 1998 669 2040 fustis
703 1999 860 2054 longus

273 2069 496 2111 Scaturrio
529 2071 650 2125 lepra

217 2151 250 2175 20
273 2139 529 2196 Scispadum
563 2142 760 2197 iupatum

273 2212 437 2255 Scabra
469 2214 659 2269 pumicia
686 2229 814 2269 aspra

273 2283 497 2327 Scaeuitas
530 2286 742 2340 iniquitas

273 2354 411 2398 Sebra
442 2360 619 2399 uetusta

273 2426 502 2470 Strenaces
537 2429 681 2484 cupidi

218 2509 252 2534 25
273 2498 478 2542 Stlataris
512 2501 648 2543 uestis
681 2501 866 2556 piratica

274 2569 442 2613 Stamio
462 2566 626 2627 'partus

272 2641 557 2686 Stellionatus
597 2644 761 2686 crimen
801 2659 899 2686 cum
938 2660 1025 2686 una
1064 2660 1132 2687 res

331 2715 500 2758 duobus
534 2716 737 2758 uenditur

274 2785 524 2842 Supparaut
558 2788 762 2844 supplent

274 2857 440 2914 Supera
471 2861 595 2903 nauis

218 2940 252 2965 30
275 2919 472 2974 Sole‘rare
505 2932 531 2973 i.
566 2931 751 2973 solidare
781 2946 805 2972 a
833 2931 952 2973 solus
981 2932 1134 2974 soleris

332 3002 359 3044 i.
394 3002 582 3045 solidum

275 3072 518 3115 Scrutitum
549 3075 707 3130 pellica

275 3143 506 3188 Scrutulus
539 3147 810 3189 uentriculus
843 3147 984 3190 fartus

1941 165 2024 207 611

1171 273 1384 330 Stagnare
1425 289 1647 316 secernere
1686 274 1865 316 metalla
1898 275 2028 316 mista

1171 344 1290 388 Stica
1323 346 1472 388 tunica

1171 416 1374 459 Susurrio
1409 419 1639 460 senillosus
1672 419 1883 474 bilinguis
2050 432 2084 455 35

1172 487 1369 536 Sutrium
1396 490 1516 532 locus
1544 491 1619 532 ubi
1650 493 1836 532 suuntur
1861 491 2028 545 species

1231 560 1401 615 aliquae

1173 631 1436 687 Suppararia
1458 635 1594 675 uestis
1611 649 1718 689 quae
1734 634 2029 689 superinditur

1173 701 1534 747 Subcenturiatus
1574 705 1734 748 dicitur
1766 706 1839 761 qui
1877 706 1923 747 in
1954 722 2030 748 nu-
2074 724 2077 725 ⁷

1233 790 1351 817 mero
1382 776 1525 831 priore
1555 778 1678 832 quasi
1704 793 1782 833 per
1809 779 2029 820 centuriae

1232 862 1334 889 suae
1366 847 1507 890 uicem
1540 850 1742 892 succedat

1172 917 1339 975 Suppes
1374 921 1629 976 suppumpis
1656 921 1739 963 hoc
1767 925 1833 963 est¹
1862 923 2028 977 supinis

1230 991 1412 1046 pedibus

1172 1061 1269 1105 Sica
1320 1077 1456 1119 genus
1508 1078 1729 1106 armorum
1773 1068 1840 1107 est
1886 1066 2028 1109 simile
2049 1080 2085 1105 40

1230 1134 1409 1176 uidubii.
1436 1135 1519 1177 1100
1542 1136 1727 1178 maxime
1749 1141 1934 1179 utuntur
1957 1137 2030 1193 qui

1231 1206 1344 1261 apud
1378 1206 1509 1248 italos
1543 1207 1775 1251 latrocinia
1805 1213 2007 1253 exercent

1172 1276 1428 1332 Sputarium
1461 1282 1639 1333 sputum

1171 1348 1383 1405 Suprema
1416 1351 1587 1405 quando
1622 1353 1687 1393 sol
1722 1354 2011 1408 supprimitur

1171 1420 1460 1464 Stultomalus
1495 1423 1657 1465 stultus
1691 1425 1830 1467 malus

1173 1492 1301 1549 Sepia
1333 1494 1592 1536 incaustum.
1624 1495 1801 1539 Persius

1172 1564 1434 1608 Sorbillator
1467 1567 1698 1623 degulator
2051 1584 2086 1608 45,

1171 1636 1305 1680 Surus
1339 1640 1560 1681 musculus
1594 1640 1875 1683 brachiorum

1171 1710 1269 1752 Sica
1284 1711 1526 1753 cluniculus
1546 1712 1776 1754 machaera
1791 1714 2032 1768 splendona

1171 1782 1469 1840 Sugrundaria
1502 1785 1702 1839 sepulcra

1171 1855 1388 1911 Sugrudia
1420 1856 1705 1899 fundamenta

1171 1926 1316 1983 Scipio
1370 1929 1498 1984 uirga
1552 1931 1651 1971 ante
1703 1930 2028 1985 triumphantes
2050 1946 2085 1970 50

1230 1999 1373 2041 delata

1173 2070 1393 2113 Sirascula
1424 2087 1502 2114 uas
1537 2074 1764 2129 aquarium

1175 2142 1448 2185 Salmentum
1481 2145 1794 2188 salsamentum

1174 2214 1324 2256 Sutela
1356 2216 1544 2272 corrigia
1577 2232 1685 2273 quae
1719 2219 1914 2261 tenditur
1949 2220 2028 2262 sub

1233 2288 1370 2329 cauda
1402 2287 1501 2343 equi

1173 2357 1419 2402 Sububeres
1447 2360 1636 2403 infantes
1661 2355 1735 2417 qui
1763 2363 1902 2405 adhuc
1931 2367 2032 2405 sunt

1235 2432 1314 2473 sub
1348 2432 1480 2474 ubere

1171 2502 1325 2546 Scatus
1359 2504 1570 2561 impetigo
1605 2506 1720 2549 sicca
1752 2507 1919 2549 scabies
2050 2521 2083 2546 55

1171 2574 1284 2617 Sosii
1312 2576 1396 2617 duo
1429 2576 1588 2619 fratres
1618 2579 1691 2633 qui
1718 2579 1856 2620 bonos
1890 2579 2030 2621 libros

1230 2648 1432 2689 emebant
1474 2651 1517 2690 et
1549 2664 1622 2692 eos
1660 2654 1816 2705 postea
1854 2666 2032 2706 praepa-

1230 2719 1364 2761 rando
1416 2721 1606 2763 multum
1655 2723 1940 2764 lucrabantur
1984 2724 2030 2764 in

1229 2791 1454 2833 uendeudo

1172 2861 1387 2905 Sublestis
1421 2863 1620 2906 infirmus
1652 2866 1796 2908 tristis

1174 2932 1394 2976 Sublestia
1427 2935 1662 2978 infirmitas
1694 2938 1878 2980 tristitia

1174 3004 1401 3048 Submeles
1448 3007 1522 3061 qui
1567 3008 1612 3049 in
1662 3009 1824 3052 lectulo
1875 3011 2035 3067 mingit

1233 3068 1366 3120 meies

1175 3148 1523 3205 Stilinquadrum
1556 3152 1581 3193 i.
1615 3153 1828 3207 quadrum
2055 3168 2089 3192 no

1674 3226 1718 3257 39
1730 3222 1747 3240 ξι
