2221 3490
622 115 879 151 EXCERPTA
905 116 971 150 EX
997 117 1169 152 CODICE
1197 116 1478 154 CASSINENSI
1506 122 1549 152 90

207 227 345 268 Antes
391 227 574 268 extremi
621 227 793 268 ordines
838 226 1065 268 uinearum

267 299 378 340 unde
406 298 538 340 etiam
570 312 728 339 nomen
755 298 936 340 trahunt
967 301 1066 339 ante

270 385 350 424 que
384 373 486 411 sunt
517 369 658 411 latera
692 368 904 411 ostiorum

212 442 462 497 Antisigma
494 441 759 483 contrarium
793 442 933 497 sigma

209 513 404 555 Ancilias
437 513 627 569 poplites
660 513 774 555 idest
807 514 1032 569 subgenua

212 587 363 627 Annus
397 586 643 627 rotunditas
676 586 746 626 uel
782 588 1012 626 ueteranus

175 672 190 695 5
215 658 400 699 Antinea
427 657 628 712 adposita
654 657 722 698 uel
746 660 897 698 contra
923 656 1069 711 posita

211 728 393 771 Anthlia
413 743 489 770 uas
511 728 769 770 auritorium
790 728 859 769 uel
884 728 1070 783 laguena

213 801 394 842 Anthlia
426 803 524 841 rota
557 801 741 853 cisterne
769 799 866 841 inde
894 799 1069 840 exanth-

269 873 360 913 lare
393 872 506 913 idest
539 871 734 913 exaurire

212 945 326 986 Ante
371 944 592 985 femininis
639 944 732 998 geff
764 944 878 988 idest
924 944 1071 999 capilli

271 1016 502 1058 mulierum

212 1088 464 1144 Anaglipho
499 1088 782 1143 supersculpo

162 1177 192 1199 10
212 1160 527 1216 Antecognitio
559 1161 789 1215 praesagio

211 1232 388 1274 Autesit
421 1232 687 1287 anteceperit

212 1304 430 1360 Antegere
453 1319 529 1359 per
545 1319 672 1358 quem
691 1304 939 1346 ammodum
963 1304 1072 1346 scire

273 1376 387 1418 inter
425 1375 591 1417 uallum
633 1376 838 1417 arborum
881 1376 1071 1431 spatium

273 1449 387 1490 inter
419 1448 526 1490 duos
560 1451 731 1489 montes

213 1520 417 1575 Anticipe
438 1535 581 1562 mores
604 1536 684 1575 que
707 1523 806 1562 ante
829 1520 917 1562 sint
935 1520 1073 1576 geniti

213 1593 349 1634 Antia
381 1593 502 1635 locus
536 1592 713 1634 relictus
749 1593 856 1635 ostis

160 1679 193 1704 15
215 1664 347 1706 Antie
369 1664 517 1719 capilli
544 1664 693 1707 amissi
720 1655 790 1707 uel
812 1664 970 1707 cicinni
997 1680 1073 1720 per

274 1751 382 1792 quos
416 1737 647 1779 uideantur
681 1752 773 1779 esse
808 1737 974 1792 priores

215 1809 355 1851 Antro
389 1824 517 1851 seuus
552 1809 737 1852 crudelis

215 1881 433 1923 Antruare
466 1897 553 1923 non
587 1882 687 1923 dare

215 1953 432 1996 Anxilites
465 1953 600 1995 habet
633 1953 841 2009 ospitium

214 2024 483 2068 Auxitiosire
517 2026 828 2068 consolatrices
862 2025 968 2067 dicit

161 2114 194 2137 20
214 2098 449 2153 Angariati
483 2098 622 2140 coacti
656 2098 870 2153 compulsi

214 2169 510 2226 Apoliterium
542 2169 618 2211 ubi
645 2172 916 2225 reponuntur
943 2185 1076 2212 reser-

273 2242 423 2284 uantia

215 2315 482 2370 Apostatare
515 2314 703 2357 alienare

215 2386 512 2442 Apoponpeus
548 2387 799 2429 emissarius

215 2458 389 2514 Apeltis
424 2459 559 2501 scutis

162 2544 196 2570 25
217 2530 393 2586 Aplosit
426 2530 567 2572 alissit

216 2602 478 2658 Apollonius
506 2603 676 2645 tianeus
699 2618 797 2646 cum
818 2606 918 2645 ante
941 2604 1075 2646 domi-

277 2675 446 2717 tianum
479 2677 615 2717 staret
646 2674 693 2717 in
726 2675 986 2719 consistorio
1013 2691 1075 2718 re-

276 2750 406 2803 pente
438 2762 525 2790 non
559 2748 804 2804 comparuit

218 2821 370 2876 Apage
390 2820 666 2875 prouerbiale
688 2835 774 2863 uox
796 2820 1076 2864 aduersantes

279 2892 356 2933 illa

219 2963 452 3020 Apogeum
510 2964 727 3018 edificium
778 2968 1079 3007 constructum

280 3035 361 3078 sub
395 3038 512 3078 terra
544 3036 658 3079 idest
685 3040 860 3079 antrum
892 3038 961 3080 uel
989 3053 1080 3093 spe-

279 3107 409 3149 lunca

293 3183 379 3215 Con-p.
400 3184 490 3216 gloss.
511 3185 563 3211 lat.
593 3188 664 3211 tom.
686 3187 711 3210 V

1104 227 1245 281 Apere
1280 228 1454 284 abigere
1488 243 1736 271 asemouerc

1105 298 1334 354 Apagente
1368 302 1532 355 aperite
1983 321 2016 344 :xo

1106 370 1313 425 Apexabo
1354 371 1565 414 furcimen
1605 388 1652 414 ex
1693 373 1775 414 hoe
1818 375 1964 414 rotun-

1167 443 1269 484 dum

1111 514 1388 569 Apiciternus
1423 514 1495 568 qui
1529 515 1597 556 his
1631 516 1759 557 rebus
1794 519 1911 558 caret

1106 586 1324 641 Apicones
1359 586 1438 627 sub
1473 586 1600 627 uinea
1632 587 1753 642 uirge

1107 657 1278 712 Apaaui
1317 656 1494 712 dignun]
1540 658 1728 700 indicaui
1771 660 1965 702 testimo-

1166 729 1287 770 nium

1111 802 1245 842 Arase
1278 801 1416 842 lauari
1987 823 2021 848 35

1109 874 1301 914 Arenata
1335 876 1501 914 secreta

1110 944 1285 986 Arascit
1320 945 1455 987 siccat

1109 1016 1297 1072 Argenti
1330 1017 1422 1072 gati
1454 1017 1530 1059 ubi
1563 1022 1656 1059 erat
1693 1020 1796 1075 biga
1829 1021 1967 1062 celata

1111 1090 1332 1144 Argutum
1365 1089 1615 1132 conuictum
1648 1091 1847 1145 plautum

1112 1161 1273 1202 Aruina
1294 1161 1512 1217 pinguedo
1531 1162 1621 1204 cuti
1642 1164 1821 1206 aderens
1838 1165 1967 1219 adeps
1988 1184 2023 1207 40

1171 1233 1240 1274 uel
1274 1233 1465 1289 axungia
1496 1234 1650 1276 uitalia
1682 1235 1799 1277 intra
1832 1236 1917 1277 alia

1112 1304 1349 1346 Artemone
1382 1305 1512 1347 breue
1550 1306 1696 1348 uelum

1112 1376 1284 1418 Arietes
1306 1377 1612 1420 immaculatos
1627 1379 1739 1421 idest
1752 1395 1839 1422 non
1861 1396 1970 1422 mor-

1172 1449 1297 1490 bidos
1329 1464 1418 1491 non
1452 1450 1674 1492 scabiosos
1707 1467 1793 1493 non
1827 1453 1940 1494 lesos

1111 1520 1296 1563 Armille
1323 1522 1507 1563 rotunde
1530 1525 1632 1564 sunt
1653 1526 1696 1565 et
1723 1527 1824 1565 sunt
1850 1539 1971 1567 orna-

1173 1596 1367 1634 mentum
1400 1609 1553 1636 manus

1113 1665 1274 1708 Arcida
1306 1666 1524 1708 ueiculum

1112 1737 1252 1780 Arcus
1280 1738 1325 1779 in
1350 1738 1540 1780 nubibus
1569 1755 1618 1781 ex
1646 1740 1836 1796 imagine
1866 1741 1971 1783 solis
1993 1760 2026 1784 45,

1173 1809 1389 1852 formatur
1422 1811 1472 1852 de
1513 1811 1604 1853 celo
1644 1812 1821 1867 igneum
1857 1814 1973 1868 rapit

1174 1883 1364 1924 colorem
1392 1883 1442 1924 de
1471 1883 1594 1938 aquis
1627 1899 1895 1940 purpureum
1922 1886 1972 1927 de

1175 1970 1271 1997 aere
1306 1955 1453 1996 album
1487 1955 1537 1997 de
1571 1959 1689 1998 terra
1719 1955 1895 2013 nigrum

1114 2027 1336 2068 Araneum
1349 2027 1542 2082 estquod
1553 2030 1724 2071 textum
1736 2032 1802 2071 est
1818 2045 1974 2072 aranea

1174 2099 1318 2154 ipsum
1353 2099 1515 2141 animal

1113 2171 1298 2213 Armille
1324 2172 1499 2227 proprie
1527 2172 1722 2215 uirorum
1743 2177 1844 2216 sunt
1872 2175 1973 2217 dato

1175 2244 1390 2286 militibus
1422 2244 1476 2286 ob
1511 2260 1732 2288 armorum
1764 2246 1972 2288 uirtutem

1175 2316 1346 2358 armilla
1379 2317 1495 2359 enim
1528 2318 1642 2360 sicut
1675 2318 1861 2361 circulus
1889 2334 1975 2360 am-

1174 2387 1330 2430 biendo
1364 2389 1628 2446 constringit

1113 2458 1276 2502 Arciua
1309 2476 1411 2503 aues
1445 2464 1488 2503 et
1520 2465 1643 2504 uetat

1113 2531 1386 2575 Arcicolater
1419 2533 1741 2576 rationabiliter

1113 2599 1312 2660 Argutus
1346 2620 1598 2648 commanus
1632 2606 1700 2648 cui
1734 2607 1868 2663 uulgo
1901 2621 1973 2648 no·
1994 2622 2027 2647 ,πο

1175 2691 1274 2718 men
1306 2679 1372 2719 est
1404 2680 1536 2720 uncto

1115 2747 1345 2791 Assarium
1372 2765 1598 2792 nummum
1626 2751 1735 2792 assis
1763 2737 1826 2792 lfft
1851 2750 1975 2806 quasi

1176 2821 1364 2877 figuram
1397 2821 1621 2864 denarium

1117 2893 1311 2948 Asprum
1342 2896 1499 2935 natura
1532 2894 1599 2935 uel
1634 2897 1734 2936 actu
1769 2895 1820 2936 fit
1856 2909 1976 2950 aspe-

1178 2979 1274 3006 rum
1308 2967 1440 3019 gustu
1472 2966 1684 3020 probatur

1119 3037 1334 3079 Assiduus
1368 3037 1592 3079 dicebatur
1625 3039 1738 3093 apud
1771 3039 1976 3094 antiquos

1180 3108 1253 3163 qui
1302 3109 1473 3151 assibus
1524 3109 1772 3152 aderatibus
1824 3126 1977 3166 expen-

1645 3183 1689 3215 36
