2216 3402
235 114 288 155 76

231 224 407 266 Ideoma
438 224 682 279 proprietas
717 225 791 264 aut
821 223 1087 264 consuetudo

232 296 379 338 Iecore
411 296 599 337 iecinore

232 367 413 422 legebat
445 367 604 421 agebat

213 442 216 445 ’
233 439 251 480 I
256 439 374 494 gitur
407 441 499 479 tum
532 437 682 479 deinde

196 510 358 552 5Ilicet
391 509 557 551 scilicet
590 508 681 550 sine
714 508 845 550 dubio
879 508 945 566 (dc
971 507 1046 567 yl.)

180 1024 212 1047 10

184 2024 216 2049 15

232 582 313 623 Ilio
348 580 579 622 confestim
611 595 712 622 mox

232 652 518 708 Imaguncula
528 651 769 694 similitudo
782 652 952 694 modica
964 653 1087 707 quasi

290 725 436 781 imago
469 723 514 765 in
547 737 720 779 gemma
751 723 939 779 isculpta

232 796 444 838 Imburim
476 795 720 837 incuruatio

232 868 439 909 Immolat
476 867 702 909 uictimam
734 866 879 908 fundit
918 870 993 909 aut
1026 883 1087 909 sa

295 939 453 981 crifitio
487 939 614 980 deum
646 940 834 981 honorat

234 1010 422 1052 Inbelles
455 1011 528 1065 qui
560 1025 752 1067 pugnam
784 1011 1048 1067 ignorabant

232 1082 429 1124 Inburim
462 1082 708 1125 incuruatio

233 1154 460 1196 Incentiua
494 1154 708 1209 cupiditas
741 1154 937 1197 accensio

233 1226 459 1268 incessant
492 1229 698 1268 accusant
814 1278 825 1288 ·

232 1297 453 1339 Incestum
492 1301 599 1352 puto
640 1313 664 1338 a
702 1298 897 1340 litteram
936 1299 1090 1340 debere

293 1368 472 1410 retineri
500 1370 553 1411 ab
575 1384 625 1411 eo
647 1370 761 1424 quod
783 1372 849 1411 est
873 1369 1089 1411 incastum

293 1440 414 1482 uenit
440 1443 613 1482 centum
640 1441 790 1483 dicunt
815 1445 967 1482 zonam
1000 1441 1091 1501 pel-

292 1511 437 1553 liciam
486 1511 654 1554 ueneris
707 1527 816 1567 quae
869 1512 1090 1568 legitimas

293 1583 470 1637 nuptias
483 1583 606 1640 ⁴ligat
633 1583 671 1625 si
691 1584 787 1638 quis
806 1585 943 1640 igitur
963 1584 1091 1626 alieni

295 1655 567 1711 legitimique
594 1655 862 1697 matrimonii
883 1656 978 1697 iura
1005 1656 1093 1697 uio-

295 1727 453 1769 lauerit
496 1727 710 1768 incestum
756 1727 914 1769 dicitur
962 1728 1093 1769 admi—

296 1799 402 1840 sisse
464 1798 508 1840 id
571 1801 637 1840 est
694 1799 818 1853 quasi
875 1799 1092 1841 castitatis

296 1871 519 1913 uinculum
545 1885 783 1926 zonamque
806 1871 977 1913 ueneris
1004 1871 1094 1912 uio-

296 1942 430 1984 lasset
441 1940 473 1999 ¹)
507 1940 573 1998 (de
594 1941 669 1999 91.)

236 2013 429 2055 Inciente
491 2013 748 2056 innitentem
810 2014 1006 2069 pariente
1070 2029 1094 2055 a

297 2085 448 2127 ciendo
494 2088 537 2127 et
581 2085 822 2128 inuocando
871 2086 1093 2141 proximos

298 2171 469 2212 quoque
503 2157 783 2199 auxiliatores

237 2227 550 2285 Inclamitari‘2)
579 2229 823 2271 conuicium
847 2229 941 2284 pati
966 2229 1095 2271 inter-

300 2300 402 2341 dum
434 2300 594 2355 corripi
627 2303 694 2342 est

239 2371 590 2414 Inclaudicabilis
632 2375 676 2414 et
725 2371 986 2415 inclusibilis
1036 2372 1096 2413 111-

300 2443 594 2485 claudicabilis
620 2444 673 2486 ad
698 2444 850 2499 pedem
877 2443 1010 2486 refert
1035 2443 1097 2485 in-

749 112 983 147 PLACIDVS
1008 112 1139 147 LIBRI
1164 112 1344 148 GLOSSA
1351 112 1455 147 RVM

1186 222 1397 264 clusibilis
1437 222 1490 263 ad
1533 221 1677 264 locum
1720 221 1982 265 inclaudica-

1186 293 1286 335 bilis
1297 291 1331 351 3)
1364 308 1467 351 uero
1499 294 1806 336 inrationabile

1126 365 1275 407 Incola
1307 365 1573 420 dicitur‘qui
1611 366 1800 421 aliquem
1836 365 1982 408 locum

1186 437 1238 478 ad
1272 451 1315 478 se
1347 437 1639 491 pertinentem
1672 437 1825 479 incolit

1125 508 1376 550 Incontines
1389 508 1636 550 luxoriosus
1652 509 1833 564 gulosus
1845 524 1982 551 uanus
1993 507 2001 515 ’

1124 579 1318 621 Incretas
1351 579 1506 621 umbra
1537 583 1660 622 motu
1694 581 1899 622 arborum
1925 581 1984 622 in-

1186 654 1436 693 constantes
1463 654 1511 693 ut
1536 652 1677 694 zefiris
1710 652 1983 695 mutantibus

1185 724 1341 766 umbra

1128 795 1357 837 Incubitus
1398 795 1557 838 dicitur
1596 796 1649 837 ab
1695 795 1984 838 incumbendo

1188 867 1279 908 siue
1313 867 1366 908 ab
1398 867 1579 909 iacendo
1612 867 1704 909 siue
1746 867 1888 909 aliena
1919 882 1985 909 ca-

1186 938 1343 994 piendo

1128 1010 1300 1052 Inculta
1333 1010 1461 1051 domo
1493 1024 1581 1051 non
1614 1010 1731 1051 culta
1764 1008 1831 1066 (dc
1857 1007 1931 1066 91.)

1127 1081 1232 1123 Inde
1264 1081 1396 1136 piscis
1429 1083 1495 1122 est
1528 1081 1694 1135 aliquid
1725 1081 1915 1137 incipere
1942 1084 1986 1124 et

1187 1153 1393 1208 perficere
1427 1167 1476 1194 ac
1507 1153 1651 1207 potari

1130 1225 1304 1280 Indiges
1319 1225 1522 1266 dicuntur
1537 1224 1754 1266 interdum
1770 1224 1986 1267 emitheus

1188 1300 1237 1338 ut
1258 1312 1389 1351 supra
1406 1295 1569 1338 dictum
1590 1299 1656 1337 est
1677 1297 1731 1337 ab
1752 1296 1986 1352 indigendo

1190 1368 1467 1410 diuinitatem
1519 1368 1592 1422 qui
1639 1382 1738 1409 cum
1788 1367 1985 1410 homines

1188 1440 1352 1482 fuerint
1389 1439 1657 1495 indiguerint
1694 1442 1841 1481 tamen
1881 1440 1987 1481 diui-

1189 1511 1258 1553 nis
1304 1511 1453 1553 dicunt
1491 1511 1624 1552 etiam
1663 1511 1838 1565 quidam
1880 1512 1987 1553 indi-

1190 1586 1341 1639 gentes
1369 1583 1470 1624 deos
1498 1583 1719 1624 naturales
1740 1586 1784 1625 et
1805 1583 1986 1625 celestes

1191 1671 1215 1697 a
1261 1655 1480 1697 contrario
1532 1654 1647 1708 quod
1694 1654 1826 1696 nullis
1876 1654 1987 1697 indi—

1191 1730 1322 1783 geant

1130 1799 1309 1855 Indigus
1330 1798 1490 1854 indaga
1508 1797 1736 1853 indignum
1755 1798 1987 1853 participia

1182 1873 1292 1920 ⁴sunt
1325 1885 1458 1924 quum
1490 1884 1576 1911 una
1607 1869 1820 1911 utandum

1130 1942 1303 1984 Indoles
1336 1940 1544 1984 nobilitas
1578 1940 1748 1996 generis

1131 2014 1284 2055 Indute
1318 2015 1466 2069 ergate
1498 2012 1570 2054 uel
1602 2014 1748 2053 antete

1131 2085 1322 2127 Innectit
1356 2084 1511 2140 inligat

1131 2157 1322 2199 Innectit
1353 2155 1541 2197 inuoluit

1133 2228 1283 2270 Inedia
1315 2231 1469 2282 stupor
1501 2227 1696 2268 dentium

1133 2297 1376 2356 Ineterne4)
1414 2299 1505 2340 uite
1533 2298 1750 2352 crepidine
1782 2297 1987 2339 fundatus

1192 2371 1238 2413 in
1275 2372 1359 2413 fine
1393 2373 1436 2412 et
1474 2370 1802 2425 propinquitate
1841 2371 1988 2423 eterne

1195 2441 1534 2485 constabilitatis
1544 2441 1576 2496 5)
1607 2442 1622 2496 (
1635 2438 1766 2497 Viry.)

339 2598 373 2640 1)
408 2596 419 2630 i
445 2608 472 2632 3.
499 2608 564 2632 scr.
592 2609 636 2632 m.
653 2601 672 2631 1
718 2598 728 2641 ΙΙ
773 2600 808 2642 2)
841 2596 854 2631 1
874 2601 958 2643 post
982 2609 1019 2631 m
1045 2608 1089 2632 ex
1116 2608 1138 2631 a
1163 2608 1234 2631 ras.
1262 2596 1373 2640 facta,
1406 2596 1446 2630 ta
1471 2596 1556 2631 add.
1582 2597 1666 2630 m.2
1708 2595 1719 2638 11
1763 2595 1799 2638 3)
1832 2604 1877 2628 ca
1907 2604 1987 2639 exp.

241 2668 286 2690 m.
302 2662 326 2691 :3
359 2657 370 2700 ΙΙ
402 2657 438 2701 4)
458 2657 568 2701 prim.
597 2667 616 2691 6
642 2670 669 2692 s.
695 2669 763 2692 scr.
790 2669 834 2692 m.
850 2661 875 2693 2
907 2658 919 2701 ΙΙ
951 2658 987 2701 5)
1014 2668 1030 2691 s
1051 2668 1123 2702 pro
1149 2655 1198 2690 tis
1224 2667 1268 2691 m.
1284 2659 1309 2692 2
1336 2667 1427 2692 corr.
1459 2656 1471 2700 ΙΙ

338 2804 369 2835 2.
397 2799 557 2834 ieconire
583 2802 594 2843 η
623 2803 654 2834 3.
682 2798 856 2843 Inigcbat
880 2801 892 2844 11
921 2804 951 2834 6.
979 2798 1069 2835 Ilico
1095 2800 1106 2843 ΙΙ
1139 2802 1168 2834 7.
1197 2798 1345 2843 sculpta
1368 2800 1380 2843 ΙΙ
1412 2782 1443 2833 8.
1469 2796 1682 2832 incuruatio
1708 2807 1753 2832 eoe
1777 2794 1990 2831 incurbatio

243 2870 332 2894 corr.
366 2861 377 2903 Η
411 2863 464 2894 10.
492 2870 657 2904 pugnam
684 2870 727 2894 eat
753 2870 880 2903 pugna
905 2870 996 2894 corr.
1028 2861 1039 2903 ΙΙ
1073 2862 1125 2894 13.
1154 2858 1353 2892 Incensant
1387 2859 1391 2901 Ι
1425 2857 1602 2891 accusent
1632 2857 1644 2901 ΙΙ
1677 2859 1731 2890 14.
1759 2866 1831 2900 que
1857 2867 1900 2890 ea:
1926 2854 1991 2899 qui

243 2929 334 2952 corr.
376 2922 380 2959 Ι
420 2918 581 2964 legitimi
614 2930 724 2962 quem
756 2917 931 2953 arimonii
973 2920 985 2963 11
1030 2922 1084 2954 15.
1118 2917 1302 2953 innitente
1343 2919 1347 2960 Ι
1387 2915 1559 2951 iaciendo
1593 2927 1637 2951 esc
1674 2914 1830 2950 aciendo
1856 2925 1947 2950 corr.
1983 2914 1987 2959 1

245 2979 299 3011 16.
328 2976 533 3011 conuitium
565 2979 576 3021 {l
610 2982 663 3012 19.
691 2977 930 3013 Incontinens
959 2980 970 3023 ΙΙ
1001 2981 1055 3012 20.
1084 2978 1230 3012 Increta
1257 2978 1343 3011 sunt
1370 2975 1486 3010 ubera
1513 2977 1524 3019 ΙΙ
1556 2978 1611 3009 24.
1639 2974 1837 3019 Indigenes
1863 2984 1908 3009 ea:
1931 2973 1989 3007 In-

245 3035 351 3080 djges
377 3048 467 3071 corr.
500 3038 511 3080 11
542 3041 597 3072 25.
625 3041 708 3073 <meite
733 3048 807 3071 una
832 3049 859 3072 s.
885 3048 952 3073 scr.
981 3048 1064 3071 cum
1083 3039 1094 3079 u
1124 3040 1179 3071 28.
1206 3036 1376 3070 Innectet
1395 3037 1406 3077 ΙΙ
1439 3038 1493 3069 31.
1522 3034 1624 3069 uitae
1650 3046 1694 3069 σου
1719 3032 1837 3068 uitiae
1862 3043 1954 3068 corr.
1983 3031 1988 3079 Ι

246 3094 509 3130 constabilitus
537 3098 548 3139 n

2004 593 2038 618 20

2007 1811 2041 1837 25

2008 2242 2042 2266 30
