2221 3490
915 146 979 180 DE
1005 143 1302 180 LATINITATE

231 261 446 304 Medullas
477 260 541 302 rei
573 258 797 314 exquirere

232 333 346 375 Mari
379 347 500 374 arare

233 404 470 460 Multiplici
505 417 701 445 sermone

232 476 461 518 Meritoria
495 476 646 517 domus

199 561 215 585 5
234 548 461 589 Menstrua
475 545 509 603 ¹)
542 561 663 588 mens

234 618 350 660 Male
383 619 519 661 sentit
551 619 601 659 de
634 618 711 658 illo

234 691 353 733 Malo
388 705 465 732 suo
499 689 614 746 gerit

235 763 434 804 Moratus
487 777 585 804 cum
636 760 817 802 muliere
869 757 1096 814 grauidam

296 849 391 875 eam
425 833 612 874 reddidit

234 904 405 946 Moram
437 904 678 946 introducit

182 991 216 1015 10
235 976 377 1018 Malae
410 976 690 1018 tractationis

236 1048 379 1090 Multa
410 1048 635 1103 perorauit
667 1048 712 1088 in
746 1062 844 1088 eum

236 1143 402 1186 Nomen
435 1145 526 1186 eius
560 1143 718 1184 detulit

238 1215 374 1257 Nulla
407 1215 562 1257 ciuitas
597 1215 710 1256 antis
743 1215 777 1255 ti

238 1286 464 1328 Neruosus
498 1289 541 1328 et
573 1287 846 1328 lacertuosus

183 1372 218 1398 15
236 1358 376 1400 Nihili
409 1362 453 1400 te
485 1358 626 1414 pendo

236 1430 395 1486 Nequa
427 1430 584 1472 seditio
619 1429 906 1471 intercederet

237 1502 362 1544 Nutu
394 1506 533 1558 agunt
565 1517 633 1543 res

237 1573 526 1629 Nuncupatus
558 1573 685 1615 heres

238 1645 331 1687 Nec
363 1646 543 1688 muttire
575 1648 723 1700 potest

185 1732 219 1756 20
239 1717 419 1760 Nodosa
452 1721 582 1773 atque
616 1717 873 1771 scrupulosa

240 1812 463 1856 obstinati
496 1814 642 1854 animo

239 1884 379 1940 Opem
411 1885 578 1940 expetit

242 1957 411 1999 Officiis
446 1957 553 1999 meis
586 1957 839 1998 libertatem
872 1955 1009 1997 merui

243 2029 431 2084 Operam
465 2028 611 2070 anxiat

187 2111 220 2136 25
243 2100 468 2143 Obnoxius
500 2101 565 2142 illi
599 2104 667 2142 est

243 2172 538 2214 Obuersatum
571 2173 678 2214 mihi
710 2172 856 2214 nescio
891 2171 994 2225 quid

244 2244 402 2286 Omnia
434 2244 478 2285 in
512 2259 556 2286 se
590 2244 810 2287 conuertit

245 2314 364 2370 Opus
398 2316 543 2357 incute
576 2319 704 2357 teneo

244 2386 397 2428 Omnis
432 2401 529 2441 spes
563 2387 609 2428 in
640 2387 751 2428 uado
785 2390 852 2429 est

191 2471 224 2495 30
245 2458 498 2500 Ordinarias
531 2458 750 2513 impensas

247 2530 404 2572 Officio
440 2530 525 2572 sibi
558 2529 753 2572 iniuncto
787 2546 890 2573 usus
924 2535 992 2573 est

245 2625 515 2682 Pignoribus
550 2626 688 2681 captis

246 2697 537 2753 Praescripsit
569 2698 733 2740 actioni
766 2699 857 2741 eius

245 2768 551 2811 Praeiudiciali
582 2769 772 2812 formula

193 2853 226 2877 35
247 2840 437 2896 Pigritia
468 2841 706 2896 implicitus

246 2911 490 2954 Procliuior
523 2917 567 2955 et
599 2914 823 2969 inpensior

247 2983 377 3026 Parui
410 2987 453 3026 te
486 2984 600 3027 facio

345 3140 378 3184 1)
410 3149 434 3172 u
459 3150 574 3184 supra
599 3151 666 3175 ser.
699 3141 711 3185 ΙΙ
749 3141 784 3185 2)
816 3151 840 3174 u
866 3141 920 3175 vel
947 3151 969 3174 a
996 3142 1007 3184 ΙΙ

1897 140 1983 181 663
2010 134 2013 136 ’

1128 255 1319 309 Perspex
1352 253 1520 294 animus

1128 326 1348 382 Praesaga
1378 338 1500 366 mens

1128 398 1356 440 Profluens
1391 396 1588 438 oratione

1130 470 1337 512 Pluribus
1369 467 1514 510 uerbis
1549 464 1866 521 prosecu<tus>

1133 540 1411 584 Percrebruit
1442 553 1591 580 rumor

1133 614 1266 655 Pleno
1300 613 1438 668 gradu

1131 684 1362 740 Popularis
1394 696 1569 738 praeses

1133 755 1422 799 Prouincialis
1455 754 1586 795 homo

1134 828 1405 883 Principium
1441 826 1504 867 rei

1134 901 1424 955 Praecipitem
1457 897 1713 940 decurbauit

1136 971 1329 1015 Patratis
1362 970 1556 1014 consiliis
1590 969 1679 1010 suis

1136 1044 1324 1087 Poenale
1358 1040 1580 1085 deci-etum

1134 1117 1352 1159 Personae
1387 1129 1540 1158 causae
1575 1113 1828 1156 coherentes
2014 1128 2049 1153 50

1135 1188 1422 1232 Peculiariter
1455 1202 1553 1228 eum
1586 1183 1908 1227 commendauit

2011 411 2046 436 40

2013 769 2048 794 45

1137 1261 1345 1303 Protinus
1379 1261 1606 1302 exsecutus
1645 1259 1711 1298 est

1138 1333 1341 1388 Praepeti
1374 1332 1533 1388 gaudio

1137 1404 1373 1459 Perspicua
1405 1418 1450 1444 re
1482 1402 1616 1444 fuerit

1138 1476 1399 1518 Persecutus
1433 1478 1499 1516 est
2023 1489 2056 1514 55

1138 1548 1342 1604 Praepeti
1375 1547 1534 1603 gaudio

1141 1621 1356 1662 Protenus
1390 1622 1620 1661 exsecutus
1654 1620 1720 1659 est

1140 1692 1349 1747 Perplexe
1381 1691 1576 1746 loquitur

1139 1763 1325 1806 Puerilis
1358 1762 1531 1805 uanitas

1143 1836 1395 1877 Praetendit
1428 1834 1715 1890 cupiditatem
1747 1834 1924 1875 honoris
2021 1849 2055 1874 co

1142 1907 1373 1949 Portendit
1404 1921 1616 1962 prospera

1139 1979 1296 2021 Parem
1316 1979 1458 2021 uicem
1479 1978 1639 2020 referre
1660 1977 1882 2019 beneficiis
1913 1977 1999 2019 tuis

1141 2051 1321 2093 Penitus
1354 2051 1532 2093 ueritati
1565 2050 1767 2092 insistere

1142 2123 1503 2180 Praerogatiuam
1536 2122 1670 2164 animi
1704 2122 1768 2163 tui
1800 2123 1940 2164 habeo

1142 2196 1300 2238 Pacem
1334 2195 1645 2250 sempiternam
1678 2193 1942 2250 propagauit
2021 2208 2054 2233 135

1143 2267 1325 2309 Prosilit
1356 2268 1534 2309 lucerna

1141 2339 1328 2382 Proratu
1343 2338 1378 2397 ²²)
1411 2338 1622 2394 temporis

1142 2411 1227 2454 Pro
1261 2412 1380 2454 uirili
1412 2411 1612 2466 portione

1144 2484 1229 2525 Pro
1262 2484 1450 2525 indiuiso

1144 2555 1252 2597 Post
1284 2556 1375 2597 dies
2025 2570 2058 2594 το

1144 2626 1228 2668 Pro
1262 2627 1567 2669 mediocritate
1599 2627 1765 2683 ingenii
1797 2626 1881 2669 mei

1144 2698 1368 2741 Peruicaci
1402 2699 1500 2741 odio

1146 2770 1318 2812 Pudure
1349 2771 1573 2826 praeditus

1146 2841 1332 2897 Propter
1363 2843 1656 2885 infamitatem
1688 2858 1815 2885 sexus

1146 2913 1382 2955 Pulsabilis
1414 2914 1572 2970 petitio

1146 2984 1347 3027 Pulsauit
1381 2987 1591 3040 pudorem
1625 2987 1716 3029 eius

2025 2929 2059 2954 75
