2221 3490
795 129 1051 165 EXOERPTA
1078 130 1141 165 EX
1168 131 1360 167 GLOSSIS
1386 132 1417 166 A
1441 132 1469 165 A

261 238 406 280 Altrix
439 239 587 280 nutrix
622 241 761 281 mater
793 255 869 281 seu
902 240 1100 296 genetrix

264 308 498 352 Altruneat
531 311 692 352 auertit
726 312 793 353 uel
829 311 991 353 alienat

266 382 427 424 Alueus
454 382 644 424 fluminis
673 382 838 425 medius
861 384 1023 426 canalis
1051 385 1119 426 uel

319 454 488 510 lignum
539 457 795 496 excauatum
839 455 882 496 in
929 470 1013 509 quo
1063 456 1120 497 la-

319 528 481 567 uantur
512 526 700 567 infantes

262 597 476 639 Alumnus
505 612 633 652 quem
655 598 752 652 quis
773 597 883 639 aluit
910 597 1023 639 idest
1044 598 1117 653 qui

318 668 575 710 nutriendus
617 668 830 723 accipitur
869 684 945 710 seu
983 669 1119 710 nutri-

319 740 461 782 ciosus
508 739 578 782 uel
618 739 840 782 dilieiosus
887 743 962 781 aut
1002 740 1117 782 filius

316 826 404 853 non
437 826 488 853 ex
519 811 697 866 proprio
734 811 896 853 semine
931 812 1003 853 sed
1040 827 1116 853 nu-

317 883 448 924 tritus

223 972 237 994 5
257 954 517 997 Amarillida
550 969 672 996 roma

260 1026 530 1069 Amarillidis
564 1041 743 1078 romana

260 1099 463 1141 Amansit
496 1099 714 1154 spectauit
748 1113 821 1140 seu
856 1100 1105 1154 expectauit

259 1170 624 1213 Amarieauerunt
658 1170 943 1213 irritauerunt

262 1243 517 1285 Amaritudo
551 1243 776 1285 iracundia

205 1331 236 1354 ιο
257 1314 463 1356 Ambaeti
498 1314 612 1356 serui
646 1315 788 1356 coloni
821 1315 907 1369 lixe
933 1330 1009 1358 seu
1037 1316 1115 1357 cir-

318 1400 415 1428 cum
448 1389 514 1427 est

257 1457 500 1500 Ambactus
535 1473 685 1500 seruus
719 1458 875 1514 gallice

258 1529 522 1586 Ambagines
556 1530 868 1585 perplexitates

256 1602 440 1643 Ambest
474 1602 637 1644 circum
670 1605 737 1644 est

256 1673 525 1716 Ambifarius
559 1674 767 1730 uilinguis

202 1762 233 1786 15
253 1745 436 1788 Ambitu
470 1746 654 1788 circuitu

257 1806 452 1859 Ambitio
486 1817 701 1873 cupiditas
735 1822 784 1860 ut
816 1819 980 1861 honore

253 1887 419 1931 Ambro
470 1890 647 1945 proprio
693 1890 959 1945 patrimonio
1013 1907 1112 1934 con-

314 1963 514 2016 sumptor

258 2033 501 2075 Ambrones
536 2035 814 2076 deuoralores

253 2104 543 2148 Ambularum
571 2107 967 2149 deambulatorium
999 2108 1112 2150 idest

312 2177 504 2233 spatium
537 2178 788 2220 ambulandi

198 2267 231 2291 20
255 2249 497 2292 Ambrosea
536 2264 661 2292 rosea
693 2250 841 2292 diuina
882 2252 973 2293 siue
1007 2253 1111 2294 ados

312 2321 484 2376 celestis

252 2392 461 2436 Ambusit
494 2394 697 2436 conbusit

251 2464 529 2508 Ambicinum
561 2467 855 2522 bambycinon

254 2537 510 2580 Amentauit
541 2537 756 2581 iaculatus
789 2541 856 2581 est

252 2607 511 2651 Anfractum
574 2610 925 2652 circumfraetum

311 2681 556 2724 fluxuosum

197 2772 231 2796 25
252 2752 436 2795 Amictit
468 2753 603 2795 uestit

250 2824 488 2866 Amictitur
520 2825 715 2867 induitur

252 2896 532 2939 Amictantur
565 2897 817 2952 operiantur

995 2611 1109 2653 idest

1926 134 2012 174 439

1158 240 1427 283 Amictolum
1447 242 1724 295 amictorium
1746 243 2016 296 opertorium

1158 311 1418 354 Amicantur
1452 313 1646 355 amicitia
1679 313 1901 355 sociantur

1158 382 1362 425 Aminnei
1395 398 1530 440 genus
1565 385 1656 427 uini
1689 388 1756 427 est
2037 398 2071 422 δυ

1159 454 1329 496 Amites
1362 455 1573 510 perticeln
1605 457 1675 500 uel
1708 472 1867 512 eupuin

1158 526 1301 567 Amna
1333 526 1512 569 flumina

1158 596 1320 639 Amnes
1362 598 1482 639 fluuii
1523 614 1598 641 seu
1638 599 1768 642 riboli
1808 599 1899 654 ripe
1942 601 2015 641 sed

1216 669 1390 723 proprie
1425 670 1583 712 dieitur
1612 672 1724 726 quod
1753 671 1915 714 circuni
1946 673 2015 714 uel

1218 742 1387 782 torrens

1158 810 1312 853 Amnis
1346 812 1507 855 flumen
1535 814 1654 855 ribus
1684 830 1758 856 seu
1787 815 1908 856 fluuii
1936 815 2014 857 eir-

1216 883 1359 925 cuitus
1393 885 1620 926 abambitu
1653 886 1792 927 dietus

1156 954 1325 996 Abnuit
1382 956 1690 998 abhominatus
1747 961 1813 999 est
1864 961 2015 1000 contra
2037 970 2069 995 35

1217 1026 1322 1069 dicit
1354 1027 1423 1069 uel
1457 1030 1629 1069 recusat
1661 1029 1799 1070 nollet

1157 1098 1352 1141 Amoena
1384 1099 1480 1141 loca
1512 1100 1627 1141 bona
1654 1115 1750 1141 cum
1784 1101 2014 1143 arboribus

1216 1172 1420 1214 decorata
1453 1186 1528 1214 seu
1556 1172 1823 1227 uoluptuosa
1856 1172 2014 1215 fertilis

1216 1243 1490 1285 delectabilia
1523 1244 1614 1286 siue
1649 1259 1785 1299 opaea

1157 1314 1392 1356 Amomum
1426 1315 1622 1357 tralliant

1156 1386 1459 1441 Amphitrides
1494 1388 1690 1430 hercules
1725 1388 1881 1430 arcites

1153 1457 1235 1500 Am
1241 1458 1542 1513 phitheatrum
1553 1459 2013 1514 circumspectaculum

1154 1529 1375 1586 Amphion
1409 1530 1453 1572 in
1485 1531 1663 1587 uirgilio
1698 1532 1889 1574 musicus
1929 1532 2014 1573 fuit
2034 1546 2067 1569 40

1154 1604 1238 1644 Am
1271 1602 1498 1645 sterniinio
1537 1604 1799 1646 confidentia

1151 1673 1417 1717 Amtorbato
1454 1676 1611 1730 quibus
1646 1676 1840 1718 exultato

1152 1746 1352 1788 Amusim
1387 1762 1599 1802 equamen
1631 1747 1824 1790 leuatum

1152 1817 1385 1873 Aymintas
1418 1834 1578 1861 nomen
1611 1822 1677 1861 est
1710 1820 1754 1861 in
1785 1820 1970 1876 uergilio

1151 1890 1344 1932 Anatum
1378 1891 1584 1933 miserum
2030 1906 2063 1929 45

1152 1963 1305 2004 Ancile
1339 1965 1464 2005 scuto
1499 1963 1710 2018 quadrato

1150 2034 1315 2077 Ancius
1349 2038 1501 2077 anctus
1536 2035 1809 2078 excruciatus

1149 2106 1315 2150 Anclea
1353 2107 1546 2150 serotina
1583 2108 1652 2149 uel
1695 2109 1806 2150 unde
1841 2108 2010 2150 auritur

1211 2194 1323 2234 aqua

1151 2252 1320 2294 Aneors
1355 2254 1553 2294 senectus

1151 2323 1273 2365 Anco
1305 2323 1428 2380 fugio
1464 2324 1616 2366 anxius
1651 2324 1867 2366 cruciatus
2028 2339 2062 2361 ,no

1149 2394 1270 2437 Anec
1303 2410 1347 2437 es

1150 2467 1267 2509 Anes
1295 2483 1401 2510 anus
1424 2471 1490 2510 est
1518 2468 1591 2510 sed
1619 2483 1670 2510 ex
1695 2468 1779 2510 hoe
1807 2470 2006 2510 senectus

1148 2538 1271 2582 Aneo
1304 2540 1465 2582 uarbus
1499 2541 1613 2582 flaua
1645 2540 1855 2582 barbeum
1889 2541 1995 2581 dura

1148 2611 1339 2667 Angitur
1372 2615 1596 2654 coartatur
1630 2612 1947 2667 constringitur

1147 2682 1322 2738 Angino
1357 2683 1526 2726 sinachi
1559 2683 1878 2740 stranguilatur
2026 2696 2060 2720 55

1148 2754 1290 2811 Angle
1323 2758 1496 2797 scutum
1529 2755 1790 2810 quadratum

1147 2826 1395 2882 Angiporto
1422 2830 1550 2882 porto
1579 2827 1669 2868 sine
1697 2826 1793 2868 uico
1816 2827 2004 2882 angusto

1147 2898 1453 2954 Animequitas
1487 2898 1776 2954 equanimitas

350 3065 404 3098 14.
431 3061 614 3108 bilinguis
642 3063 661 3098 b
687 3064 699 3107 ΙΙ
727 3066 781 3096 16.
810 3064 876 3097 aut
901 3075 924 3098 a
944 3064 955 3108 ΙΙ
982 3066 1036 3099 19.
1065 3062 1333 3097 Ambulaerum
1359 3075 1383 3098 a
1402 3064 1413 3108 ΙΙ
1440 3066 1495 3098 24.
1522 3063 1728 3098 flexuosum
1755 3074 1779 3097 a
1803 3063 1814 3107 ΙΙ
1840 3064 1895 3097 31.
1923 3072 2003 3106 per-

250 3121 324 3158 tice
352 3135 375 3158 α
400 3124 411 3169 Η
445 3125 500 3158 53.
528 3122 644 3171 barne
673 3123 713 3156 ut
740 3122 834 3157 dura
860 3135 883 3158 a
907 3124 919 3168 ΙΙ
949 3126 1003 3158 55.
1032 3121 1202 3157 sinanchi
1229 3135 1262 3158 a.
1297 3121 1480 3168 sinanchy
1507 3123 1526 3157 b
1546 3124 1557 3169 ΙΙ
