2221 3490
256 155 343 196 416
774 153 1018 190 SPEOIMEN
1044 152 1230 189 CODICIS
1256 152 1510 190 LEIDENSIS

257 265 437 321 Frugali
472 265 595 320 larga
627 264 697 306 uel
729 264 821 306 lata
1157 264 1287 307 Curia
1320 264 1395 306 ubi
1430 265 1535 307 ordo
1568 264 1798 308 consilium
1829 265 1930 326 iniit
2034 279 2068 305 35

256 336 385 377 Tifon
417 335 533 377 filius
567 336 736 378 saturni
1155 336 1327 378 Meatus
1360 352 1495 379 uaene
1529 337 1695 392 modice

257 406 495 462 Sputacum
529 411 707 464 sputum
1155 408 1415 464 Decipulam
1469 410 1726 453 tenticulam
1777 424 1863 465 qua
1912 425 2014 452 aues

111 484 246 520 sol.28¹'
258 479 470 522 Saturnus
503 495 578 522 rex
611 494 841 536 grecorum
1216 480 1446 536 capiuntur

189 551 192 554 ’
220 564 234 588 ⁵
255 552 463 594 Luridam
495 552 588 594 luto
622 552 841 594 sordidam
1154 551 1311 595 Inlecti
1343 553 1516 596 incitati

254 624 398 666 Diana
429 624 521 666 filia
552 624 666 666 iouis
1153 624 1327 666 Exuuia
1360 625 1501 680 spolia

255 694 485 751 Stipantur
518 696 776 751 conplentur
1153 695 1509 752 Protoplastrum
1541 697 1683 753 prima
1714 697 1926 753 plamatio
2033 711 2070 737 40

253 768 391 810 Ionan
422 768 513 810 filia
545 769 720 810 uulcani
1154 768 1353 811 Ideonati
1385 770 1689 812 consuetudini

252 840 439 896 Explosi
472 840 653 883 extincti
1154 839 1303 883 Strofa
1335 841 1454 884 fraus

201 924 233 948 10
254 912 422 955 Laodes
454 927 613 955 nomen
646 913 794 969 regine
1151 913 1340 956 Tecnam
1373 917 1512 956 artem

253 984 422 1041 Argula
456 987 584 1028 acuta
1152 985 1365 1029 Pitatiola
1398 987 1697 1029 membranula

251 1056 490 1112 Inpolastis
535 1057 813 1113 impugnastis
859 1058 929 1100 uel
974 1058 1113 1114 inpin-
1152 1056 1409 1114 Decapolim
1440 1072 1471 1101 X
1505 1058 1707 1102 ciuitates
1736 1058 1781 1100 in
1806 1074 1893 1101 una
1918 1074 2014 1115 pro-
2033 1073 2068 1099 45

313 1130 482 1186 guastis
1211 1131 1353 1173 uintia

254 1218 274 1241 *
339 1218 359 1241 *
424 1218 444 1241 *
509 1218 528 1241 *
595 1218 615 1241 ῆι
679 1218 699 1241 *
764 1218 784 1241 *
848 1218 868 1241 *
1151 1202 1481 1247 Nummismum
1514 1204 1702 1247 solidum

109 1277 242 1314 wlf->28¹²
271 1272 493 1316 INCIPIT
527 1273 864 1317 VERBORVM
898 1275 1101 1319 INTER-
1153 1274 1366 1319 Deuteres
1400 1277 1704 1319 renouationes

526 1345 821 1390 PRETATIO
1153 1347 1351 1390 Nardum
1381 1349 1511 1392 arbor

199 1430 232 1455 15
254 1418 477 1475 Allegoria
509 1418 707 1475 figuralis
741 1420 874 1462 dictio
1152 1419 1367 1464 Pisticum
1394 1422 1531 1464 herba
1556 1421 1797 1464 rubicunda
1822 1421 1892 1464 uel
1919 1437 2014 1464 nar-

252 1490 496 1547 Anagogen
529 1491 727 1547 superior
759 1507 912 1534 sensus
1213 1493 1315 1535 dum
1360 1494 1567 1550 pisticum
1605 1494 1649 1536 id
1687 1497 1755 1536 est
1797 1494 2013 1549 spicatum

252 1562 364 1605 Asse
396 1579 600 1606 nummus
1211 1565 1281 1606 uel
1314 1565 1455 1607 fidelis

252 1635 537 1678 Autenticum
569 1637 760 1679 auctoris
1154 1634 1319 1678 Siloam
1352 1640 1557 1693 stagnum
2031 1650 2066 1676 50

253 1706 582 1764 Angustissimo
616 1708 912 1751 famosissimo
1152 1707 1397 1751 Duellionis
1430 1710 1535 1751 belli

200 1791 233 1815 20
253 1779 504 1821 Proemium
536 1780 723 1835 prefatio
1152 1779 1296 1835 Hyine
1328 1784 1591 1824 nocturnum
1619 1783 1864 1823 monstrum
1898 1781 2012 1824 simi-

251 1851 416 1894 Nenias
450 1852 718 1895 mendatium
1211 1852 1266 1894 lis
1300 1853 1396 1895 cani

252 1923 573 1966 Elucubratum
607 1924 890 1981 euigilantem
1152 1923 1347 1967 Prorusu
1373 1926 1518 1968 lembo
1539 1941 1727 1982 prorusu
1747 1926 1890 1969 insula
1915 1940 2011 1982 pro-

252 1995 477 2045 Quadraus
505 2011 641 2053 genus
664 1998 833 2039 nummi
854 2002 921 2040 est
947 1999 1111 2042 habens
1211 1997 1353 2052 prium
1394 1998 1538 2040 lembo
1573 2013 1597 2040 a
1630 2013 1715 2053 quo
1751 1998 1813 2040 ibi
1846 1998 2012 2041 faciunt

313 2069 397 2110 duo
430 2068 601 2110 minuta
1211 2068 1287 2110 illa
1320 2070 1587 2112 uestimenta

252 2140 384 2182 Viola
415 2140 550 2183 herba
581 2141 815 2184 iacinctina
1152 2140 1185 2181 F
1191 2142 1441 2197 errugineas
1474 2141 1662 2197 pallidus
1695 2142 1960 2185 rubicundus

199 2224 233 2248 25
253 2212 424 2254 Mauria
453 2213 503 2254 de
536 2228 640 2256 auro
674 2214 793 2257 facta
825 2215 1021 2258 intonica
1053 2216 1113 2258 id·
1153 2211 1360 2255 caumate
1394 2215 1595 2256 ardenter
2029 2228 2063 2253 55

314 2288 379 2326 est
410 2293 575 2340 gespan
1151 2284 1389 2340 Trapezeta
1415 2289 1458 2328 et
1484 2286 1801 2328 nummularius
1830 2289 1873 2328 et
1899 2286 2010 2328 colo-

255 2356 457 2400 Comicus
503 2360 706 2400 cantator
744 2360 813 2401 uel
853 2359 1008 2402 artifex
1052 2375 1113 2402 se·
1210 2356 1327 2399 bista
1378 2358 1492 2400 idem
1543 2361 1644 2400 sunt
1695 2358 1770 2414 qui
1819 2357 2008 2401 nummis

315 2429 527 2471 cularium
561 2430 828 2472 canticorum
1209 2428 1462 2472 fenerantur
1493 2434 1537 2472 et
1569 2431 1670 2473 uilis
1703 2430 1894 2486 negotiis

110 2500 377 2542 mamm-ixi
410 2500 560 2543 ciceris
593 2501 690 2557 saue
725 2502 885 2544 siccate
918 2503 1088 2545 in‘sole
1149 2499 1339 2556 Perpera
1371 2517 1502 2545 causa
1533 2503 1603 2544 uel
1635 2502 1831 2557 prauitas

252 2571 483 2614 Lanternis
538 2588 643 2615 uasa
699 2574 912 2629 lampadis
969 2576 1109 2630 perlu-
1149 2571 1504 2616 Xenodoxiorum
1537 2573 1844 2617 collectionum

313 2644 457 2686 centia
1149 2643 1474 2700 Pragmaticam
1505 2646 1740 2702 negotialis

252 2716 390 2759 Batro
423 2716 562 2771 perite
595 2718 669 2773 qui
702 2721 881 2773 portant
913 2718 1033 2760 cibos
1066 2719 1112 2760 in
1149 2713 1266 2758 Arue
1300 2720 1462 2759 terram
2029 2732 2064 2757 60

312 2788 423 2830 utris
1151 2788 1376 2844 Lagonam
1408 2804 1485 2831 uas
1513 2789 1731 2845 lapideum
1759 2788 1846 2831 0110
1872 2789 1915 2831 id
1942 2792 2010 2831 est

199 2871 233 2895 :⁵0
253 2859 444 2902 Friuolis
476 2860 662 2916 frugalis
1212 2875 1317 2917 crog

252 2931 612 2974 Emulumentum
645 2933 800 2975 mercis
833 2933 1035 2975 laborum
1151 2929 1364 2975 Cauliculi
1397 2933 1639 2976 ramunculi

254 3002 497 3045 Flaciduim
531 3019 705 3046 seruum
1007 2993 1010 2995 ⁵
1149 3003 1323 3059 Eynum
1356 3005 1593 3046 beneuolus

254 3073 496 3116 Fratruelis
530 3075 645 3118 filius
678 3076 828 3118 fratris
1150 3075 1340 3118 Prathus
1373 3079 1417 3118 et
1454 3075 1742 3132 prapatheian
1779 3076 1926 3132 passio
1965 3079 2008 3118 et

255 3146 499 3202 Quisquilia
530 3147 796 3190 inmundicia
827 3148 1031 3191 erbarum
1208 3149 1411 3203 probatio
