2221 3490
485 172 740 208 EXOERPTA
766 173 831 208 EX
856 172 1027 210 CODICE
1054 174 1301 211 VATICANO
1328 175 1435 211 REG.
1465 175 1646 212 CHRIST.
1675 179 1743 211 215
1900 177 1986 219 583

245 282 368 324 Vitta
389 298 472 338 qua
488 282 820 339 confringuntur
840 282 988 338 capilli
1007 298 1096 324 mu-
1132 283 1245 326 Vnio
1297 285 1341 325 in
1396 284 1478 327 hac
1530 300 1700 340 quoque
1750 285 1988 328 formulosa

301 353 457 396 lierum
1192 355 1333 397 ternio
1367 357 1593 410 quaternio
1628 356 1775 411 quinio
1810 357 1928 399 senio

241 424 470 467 Vocissare
503 424 742 467 uociferare
1134 425 1305 468 vVssitat
1336 426 1584 482 frequenter
1617 428 1835 470 comburit

241 495 446 538 Volentia
479 495 752 538 delectabilia
1133 496 1386 552 Vualapauc
1401 495 1443 553 (c
1458 499 1602 553 dubia)
1619 499 1692 553 qui
1711 515 1754 541 se
1773 500 1986 542 furtiuum

241 567 456 622 Vopiscus
491 568 563 622 qui
596 567 729 609 fratre
763 568 935 623 gemino
969 569 1093 610 abor·
1196 563 1507 610 uestimentum
1530 570 1718 612 induerit
1739 575 1813 613 aut
1841 586 1986 614 secum

298 639 391 680 tiuo
423 639 646 694 legitimus
679 639 873 681 nascitur
1191 639 1331 693 capite
1352 640 1640 682 latrocinandi
1662 642 1805 684 animo
1828 646 1903 684 aut
1925 642 1986 684 fa-

201 721 217 745 5
238 709 415 751 Votices
447 710 650 751 interitus
1190 710 1252 752 cie
1285 712 1664 767 transfigurauerit

237 780 400 836 Vulgia
431 781 590 822 tensim
617 781 771 823 uuidus
800 781 929 837 agilis
961 781 1089 823 fortis
1128 782 1307 824 Vuiduli
1340 782 1507 824 humidi

295 851 497 893 humidus
1128 852 1318 897 onrius
1350 855 1497 896 uxoris
1531 855 1711 897 dedecus
2001 867 2035 892 20

235 922 479 964 Vulnificus
511 923 765 965 uulnerator

234 994 478 1036 Vultuosug
519 996 592 1050 qui
637 1010 737 1050 sepe
781 996 908 1037 uustu
947 997 1089 1036 mussah
1127 971 1321 1014 Xenizor
1352 973 1553 1028 hospitor

293 1065 406 1108 idest
449 1082 563 1109 nunc
610 1067 752 1108 tristis
796 1081 911 1108 nunc
962 1065 1089 1108 aliter
1126 1042 1164 1085 X
1197 1059 1283 1085 mn

294 1139 423 1192 atque
457 1137 583 1179 aliter

379 1208 386 1216 ⁸
1125 1161 1422 1218 Yperaspistis
1457 1163 1656 1207 defensor

232 1208 435 1250 Vbertlm
467 1209 772 1251 habundanter

180 1291 213 1315 10
232 1279 377 1321 Vlluit
409 1280 697 1323 circumstetit
1128 1280 1326 1324 Zaberna
1357 1282 1432 1324 ubi
1464 1286 1608 1326 uestes
1647 1286 1880 1339 portantur
1912 1284 1982 1326 uel

230 1350 318 1393 Vla
349 1350 481 1393 litora
1187 1354 1412 1409 quodlibet
1445 1355 1562 1397 aliud

230 1421 518 1479 Vligenosum
549 1422 756 1480 pinguem
1125 1423 1254 1479 Zetes
1288 1425 1385 1479 edes
2002 1436 2036 1463 2⁵

230 1493 440 1537 Vmetum
471 1495 587 1537 ultra
620 1495 806 1551 amplius
1125 1496 1247 1538 Zima
1278 1497 1386 1539 uilla

229 1565 471 1608 Vmentum
501 1568 657 1609 umbra
688 1570 815 1610 nocte
848 1568 1020 1610 madida
1124 1568 1247 1610 Zima
1277 1568 1541 1611 fermentum

178 1647 210 1673 15
231 1636 418 1681 Vuicula
448 1637 580 1681 uidua
613 1654 695 1695 que
727 1640 802 1682 uni
835 1639 967 1683 cubat
1124 1640 1273 1697 Zippei
1305 1641 1600 1697 germinantes

225 1937 343 1986 VIII
385 1938 727 2008 EXOERPTA
752 1940 837 1988 EX
865 1940 1090 1989 OODIOE
1112 1940 1438 1990 VATIOANO
1466 1942 1606 1991 ΗΕΘ.
1626 1942 1868 1994 CHRIST.
1889 1943 1978 1992 215

979 2031 1136 2078 (saeculi
1160 2032 1226 2078 IX)

221 2138 530 2195 Amphiballus
574 2141 718 2184 birrus
762 2141 952 2197 undique
1001 2142 1080 2184 uil-
1176 2157 1216 2198 p.
1244 2144 1287 2184 et
1313 2142 1342 2184 h
1369 2143 1564 2199 anaphus
1592 2144 1705 2187 sicut
1724 2144 1972 2201 triumphus

281 2212 400 2254 losus
1177 2214 1295 2269 greci
1322 2215 1436 2257 enim
1464 2215 1612 2258 dicunt
1638 2216 1746 2258 illud
1779 2217 1973 2272 anaphos

221 2283 526 2326 Antebiblium
556 2284 716 2340 pignus
748 2284 962 2329 librorum
1177 2287 1220 2327 et
1252 2286 1505 2341 ymnoforos

221 2354 401 2398 Abbaso
432 2355 606 2398 infirma
638 2356 792 2399 domus

221 2426 384 2482 Alogia
415 2427 665 2470 conuiuium
762 2459 764 2461 -
1114 2427 1330 2472 Bacculus
1363 2429 1407 2472 in
1440 2431 1602 2472 mortui
1634 2430 1870 2474 efferuntur

184 2508 202 2534 5
220 2497 388 2540 Ambro
432 2499 680 2542 luxuriosus
728 2498 933 2555 profusus
979 2514 1076 2543 con·
1114 2500 1235 2542 Baen
1259 2504 1563 2543 ornamentum
1584 2502 1685 2544 colli
1706 2505 1772 2544 est
1792 2518 1843 2544 ex
1864 2519 1968 2546 auro
1991 2513 2024 2538 10

281 2572 481 2625 sumptor
530 2570 621 2612 siue
667 2571 899 2613 deuorator
941 2570 1077 2614 homi·
1175 2575 1218 2614 et
1250 2573 1434 2628 gemmis
1462 2573 1828 2629 pretiosissimum
1856 2575 1970 2629 quod

278 2656 383 2684 num
1176 2644 1260 2686 alio
1292 2645 1465 2686 nomine
1498 2647 1676 2700 torques
1709 2648 1857 2700 potest
1884 2646 1969 2689 dici

220 2712 468 2755 Ambusilla
499 2715 655 2755 uenter
1176 2715 1352 2770 quidam
1384 2718 1531 2758 tamen
1565 2716 1714 2759 dicunt
1747 2731 1970 2759 ornamen-

219 2783 446 2840 Agasones
479 2784 681 2826 dicuntur
716 2785 916 2827 custodes
949 2800 1074 2842 equo-
1163 2789 1267 2829 tum
1300 2802 1392 2830 esse
1426 2788 1581 2843 capitis

278 2871 375 2898 rum
401 2870 509 2911 quos
536 2855 689 2897 rustici
715 2857 974 2900 marscalcos
1000 2873 1070 2901 uo·
1111 2858 1314 2901 Birotum
1340 2873 1475 2915 genus
1504 2859 1661 2902 ueiculi
1681 2873 1780 2902 cum
1799 2858 1966 2902 duabus

279 2929 380 2969 cant
1170 2930 1280 2972 rotis

217 2997 427 3053 Anaphus
448 3013 526 3039 uas
546 2998 765 3041 uinarium
784 3000 898 3055 quod
919 3001 1073 3044 rustici
1112 3000 1335 3043 Badanola
1349 3002 1487 3044 lectus
1503 3002 1576 3058 qui
1590 3002 1637 3044 in
1653 3002 1808 3044 itinere
1828 3002 1968 3045 fertur

277 3069 500 3125 appellant
525 3070 775 3126 hanappum
796 3086 873 3125 per
893 3072 976 3114 duo
1003 3087 1073 3129 pp.
1110 3073 1270 3115 Bostar
1302 3072 1455 3115 domus
1487 3073 1562 3114 ubi
1595 3074 1729 3116 boues
1762 3076 1882 3116 stant

276 3140 437 3184 rectius
452 3144 599 3184 autem
614 3141 821 3186 scribitur
843 3158 920 3198 per
939 3159 1073 3187 unum
1110 3144 1334 3188 Bubulcus
1366 3144 1572 3187 bouarius
