2221 3490
266 153 352 193 574

264 262 447 303 Ocinum
480 262 745 302 consuetudo

264 332 424 374 Occino
458 334 610 373 contra
642 346 748 373 cano

263 402 517 457 Odiporium
549 402 644 444 laus
678 403 893 456 cantilene

264 474 448 515 Odibilis
482 474 579 516 odio
610 473 789 516 habitus

207 554 241 599 μ’)
263 544 370 586 Oete
399 559 559 590 ,nomen
593 546 752 587 montis

263 615 470 670 Offentlax
513 617 652 658 nodus
703 617 877 672 proprio
924 631 1008 671 quo
1055 631 1117 657 10-

320 688 554 744 stringitur
583 691 627 729 et
659 688 903 730 remittitur

261 758 429 801 Offucia
471 759 646 801 fallacia
685 776 710 801 a
750 759 849 801 fuco
893 760 1006 814 quod
1051 762 1117 801 est

319 831 438 872 fraus

262 902 486 958 Oggannit
519 901 742 944 subtiliter
773 906 1017 944 murmurat

262 973 361 1015 Olla
394 973 641 1015 abulliendo
675 974 808 1015 undet
840 975 1004 1016 bullam

212 1056 241 1079 1⁰
263 1044 427 1086 Olleuit
460 1045 669 1086 obturbat

261 1116 435 1158 Oletum
465 1119 632 1158 stercus
659 1117 897 1158 humanum
924 1120 973 1158 ut
998 1133 1117 1159 uera-

260 1231 269 1239 ,
319 1189 417 1230 111118
439 1189 712 1230 sacerdotula
732 1189 777 1230 in
798 1189 987 1230 sacrario
1009 1204 1117 1230 mar-

320 1260 438 1302 tialis
470 1260 575 1302 fecit
608 1260 772 1302 oletum

263 1331 350 1374 Olli
381 1332 446 1373 illi
477 1334 582 1374 tunc

263 1403 439 1445 Olitana
469 1405 647 1445 uetusta

263 1475 439 1517 Olidum
467 1475 691 1530 putridum

212 1557 244 1581 15
266 1546 371 1588 Olor
403 1546 556 1602 cignus

262 1617 545 1659 Olfactoriola
601 1618 795 1660 turibula
845 1619 1016 1661 modica
1067 1619 1117 1661 de

321 1704 426 1730 auro
458 1689 529 1730 uel
562 1693 743 1745 argento

263 1760 472 1802 Olfecisse
499 1761 613 1802 enim
647 1761 778 1803 scisse
811 1764 982 1805 ueteres
1009 1762 1118 1805 dice-

320 1833 427 1874 bant

262 1903 578 1959 Omophorium
610 1905 838 1960 palliolum

263 1975 434 2030 Opacus
465 1977 697 2018 umbrosus
736 1978 919 2033 auguria
952 1978 1117 2020 maiora

210 2061 243 2084 20
264 2048 455 2102 Opeseca
488 2063 706 2090 sermones
739 2049 806 2091 uel
841 2064 971 2104 opera

264 2119 560 2175 Oppignerare
592 2120 751 2176 pignus
785 2121 884 2162 dare

264 2190 458 2246 Oppoleo
495 2192 639 2246 repleo

264 2262 433 2317 Oppido
484 2262 608 2304 ualde
661 2264 940 2306 uehementer
991 2280 1118 2321 opor-

322 2337 424 2387 tune
470 2335 645 2377 omnino
691 2350 817 2391 quem
870 2338 1119 2378 ammodum

323 2406 395 2447 sed
439 2421 552 2448 nunc
597 2407 721 2448 ualde
766 2407 895 2449 nimis
941 2408 1009 2449 uel
1056 2423 1119 2450 ca-

323 2478 499 2519 stellum

265 2548 536 2605 Oppignerat
566 2550 664 2605 plus
699 2564 826 2604 quam
859 2551 1063 2606 pignerat

210 2635 244 2661 25
265 2619 415 2675 Opiter
449 2621 626 2676 opiteris
661 2622 780 2663 cuius
820 2637 926 2663 anus
966 2623 1117 2664 uiuens

324 2696 367 2734 et
398 2696 521 2747 pater
554 2695 620 2734 est
652 2695 849 2735 mortuus

266 2764 517 2819 Opitulator
549 2767 775 2819 susceptor

265 2835 480 2890 Opinacus
514 2836 666 2891 ignota

267 2907 447 2962 Opitens
482 2908 663 2949 offerens

268 2979 468 3034 Optingit
501 2982 616 3021 sorte
650 2979 794 3020 euenit

214 3062 247 3085 πυ
268 3048 478 3103 Operacia
510 3065 727 3092 sermones
760 3050 828 3091 uel
863 3065 993 3104 opera.

269 3121 368 3162 Oroi
402 3121 626 3176 regionum
660 3122 766 3163 fines

675 151 931 187 EXCERPTA
956 152 1020 185 EX
1047 151 1218 187 OODICE
1245 151 1526 187 OASSINENSI
1552 156 1596 186 90

1159 261 1362 316 Origonis
1395 261 1540 303 uelum
1566 261 1690 302 nauis
1723 261 1904 315 pluralis
1931 262 2012 303 ori-

1219 347 1333 388 gona

1160 403 1426 460 Organarius
1459 404 1533 459 qui
1567 403 1708 464 utitur
1740 417 1953 459 organum

1160 474 1288 516 Orbis
1327 475 1572 517 rotunditas
1612 474 1826 516 reuolutio
1861 474 2010 516 circuli

1215 561 1266 588 ex
1298 561 1382 601 quo
1415 547 1560 588 breuis
1599 546 1756 588 rotella
1788 545 2009 587 orbiculus

1215 618 1460 673 appellatur

1155 688 1451 746 Ortigometre
1485 688 1714 731 cotirnices
1749 702 1991 744 quacquare
2029 700 2064 726 35

1157 761 1406 817 Orgistrum
1439 760 1660 816 pulpitum

1156 831 1268 874 Orca
1313 835 1380 874 est
1423 831 1630 886 ampliore
1679 831 1844 886 species
1890 832 2011 874 cuius

1215 904 1372 946 minori
1405 903 1619 946 uocabula
1652 903 1794 945 orcius
1829 903 2011 945 diminu-

1216 976 1334 1017 tione
1368 974 1556 1017 010101118
1590 977 1657 1016 est

1158 1046 1284 1089 Ostia
1315 1047 1473 1088 ciuitas

1156 1117 1444 1160 Ostentatura
1475 1120 1677 1160 ostensus

1157 1189 1377 1245 Ostrigilli
1406 1192 1508 1231 sunt
1536 1189 1609 1244 qui
1641 1189 1814 1245 plantas
1842 1191 2013 1232 consuti
2032 1201 2068 1226 40

1216 1264 1317 1303 sunt
1338 1264 1382 1303 et
1402 1276 1453 1302 ex
1480 1261 1691 1316 superiori
1712 1261 1900 1317 corrigia
1929 1264 2014 1303 tra-

1214 1333 1377 1374 huntur
1413 1335 1463 1374 ut
1503 1333 1859 1389 constringamur
1898 1334 2010 1375 unde

1215 1407 1259 1446 et
1289 1404 1575 1446 nominantur

1156 1546 1321 1589 Patara
1353 1546 1512 1589 ciuitas
1544 1545 1642 1600 licie

1156 1618 1412 1673 Pamphilus
1446 1621 1588 1660 totum
1621 1634 1771 1661 amans

2214 1363 2221 1645 ----—-.-.—--.*-
2216 1158 2221 1338 ᾈ-μ-.-
2219 1135 2221 1140 .
2220 1098 2221 1103 Α

1157 1690 1319 1732 Parcus
1353 1690 1533 1745 cupidus
1567 1691 1793 1733 abstinens

1156 1761 1397 1817 Pancorpie
1432 1777 1589 1816 corone
1617 1778 1671 1809 ex
1700 1763 1823 1805 uario
1856 1777 2014 1820 genere

1216 1833 1374 1876 florum

1155 1906 1391 1960 Pannicule
1423 1921 1592 1961 pannus
2032 1917 2068 1942 45

1154 1978 1390 2034 Pantagias
1423 1978 1582 2020 fluuius
1616 1978 1754 2033 sicilie

1152 2049 1323 2092 Palaria
1349 2065 1446 2092 011111
1474 2050 1636 2092 milites
1664 2050 1717 2092 ad
1743 2051 1867 2106 palos
1893 2065 2010 2093 exer-

1221 2126 1374 2165 centur

1159 2196 1435 2239 Pastinantes
1468 2194 1667 2249 palantes
1699 2194 1769 2235 uel
1801 2194 1993 2236 colentes

1157 2267 1445 2310 Pausillulum
1478 2266 1696 2308 modicum

1161 2339 1275 2395 Pape
1309 2339 1443 2380 miror

1157 2411 1254 2453 Pari
1261 2410 1400 2452 atoria
1418 2409 1659 2464 persolutio
1674 2409 1744 2450 1101
1759 2409 2013 2463 adimpletio

1217 2482 1350 2524 debiti
1385 2482 1475 2523 siue
1508 2481 1859 2536 supplementum

1157 2555 1330 2609 Pappus
1369 2554 1496 2595 flores
1536 2553 1764 2594 cardorum
1800 2552 2010 2594 lucretius

1218 2629 1385 2668 nestem
1416 2640 1494 2667 nec
1525 2624 1696 2679 pluuias
1730 2624 1876 2666 auium
1912 2638 2014 2679 pap-

1218 2712 1383 2752 posque
1415 2696 1615 2738 uolantes

1158 2768 1249 2811 Pax
1281 2768 1534 2811 aduerbium
1566 2770 1633 2809 est
1665 2767 1884 2824 significat
1922 2770 2015 2809 tan-

1218 2844 1312 2882 tum
1345 2841 1473 2883 modo

1155 2911 1290 2954 Patus
1322 2911 1499 2953 auribus
1532 2911 1702 2967 magnis
1734 2910 1901 2953 ceruice

1155 2982 1395 3025 Pachinum
1426 2982 1801 3038 promunctorium
1834 2981 1971 3036 sicilie
2032 2994 2066 3020 55

2033 2351 2068 2375 50

1155 3053 1395 3110 Pulponern
1428 3055 1696 3097 adolatorem

1155 3124 1398 3169 Pantochia
1429 3126 1650 3182 palinodia
