2257 3490
734 136 1043 172 GLOSSARIVM
1070 138 1211 175 AMPL.
1241 138 1505 175 SECVNDVM

236 245 517 288 Inenodabile
544 247 657 302 quod
691 247 802 289 solui
829 260 914 288 non
948 249 1095 301 potest

234 317 435 360 Infensus
467 318 654 360 infestus
687 319 803 360 irata

234 389 406 445 Ingruit
437 389 576 431 instat
607 389 808 431 imminet

234 460 505 503 Inlecebrare
533 476 642 516 quae
670 461 911 503 sollicitant
937 463 1006 504 uel
1033 463 1094 504 in-

295 533 458 574 ducunt

198 602 487 659 51nduuiae1)
521 604 775 646 indumenta

233 674 499 717 Intestinum
511 675 716 717 intimum
726 676 795 717 1161
806 676 1093 718 domesticum

233 746 400 788 Infecta
432 746 638 788 nonfecta
669 747 737 788 uel
773 747 888 788 tinta

233 817 336 860 Infit
368 818 486 860 sator
498 817 532 875 2)
563 818 678 860 idest
710 818 849 860 dicere
883 819 1037 874 incipit

232 889 459 932 Inficiatur
490 890 603 931 idest
634 889 789 944 incipit

181 976 214 1001 10
233 961 436 1004 Induciae
475 977 560 1016 pax
599 962 714 1003 bello
757 965 984 1003 manentae
1023 963 1092 1004 uel

292 1034 533 1076 delationes

231 1105 378 1147 Instar
409 1105 666 1147 institutum

231 1177 419 1220 Insitum
451 1177 763 1219 inseminatum

231 1249 524 1291 Incommodis
556 1248 741 1290 infirmis

230 1321 436 1363 Intendat
468 1320 639 1375 inponit
670 1321 886 1375 inpugnat

177 1406 211 1431 15
231 1391 435 1434 Inuectus
469 1393 667 1434 ambulat

231 1463 472 1506 Insolentia
543 1465 811 1506 instabilitas
880 1463 1092 1520 intempe-

290 1535 433 1578 rantia

230 1607 447 1664 Inlugiem
480 1608 671 1650 inluctus

231 1679 437 1722 Inuectus
471 1695 567 1722 sum
600 1680 747 1722 inueni

231 1750 404 1793 Inuexit
435 1751 643 1793 instruxit

179 1836 213 1861 20
233 1822 410 1870 Infrase,
433 1823 576 1866 minor
608 1839 653 1866 se

231 1894 476 1937 Incentium
509 1896 724 1950 cupiditas
763 1897 833 1938 uel
867 1897 1091 1939 intrimen-

291 1970 385 2009 tum

229 2038 434 2094 Inipyrus
467 2053 603 2095 genus
635 2039 745 2096 ligni

229 2110 450 2167 Insurgite
483 2114 610 2153 uasto
643 2111 906 2167 inprofundo
941 2114 1073 2155 maris

229 2182 410 2225 Incutae
442 2183 615 2225 inmitte

176 2272 210 2298 25
232 2254 487 2297 Incumbere
519 2255 748 2310 fuperuere

230 2326 349 2368 Inira
379 2326 501 2369 inore

232 2398 436 2441 lnbreuia
472 2399 785 2441 inaccessabila

229 2469 373 2512 Infula
399 2470 515 2512 uitta
541 2474 609 2513 est
636 2472 847 2527 quaedam
873 2472 979 2528 dign
1005 2488 1090 2528 quo

291 2545 476 2584 utuntur
507 2544 658 2599 magni
690 2544 937 2586 sacerdotes

232 2613 428 2656 Insestus
460 2615 635 2657 inruens
669 2616 880 2658 molestus

175 2703 211 2729 30
230 2684 422 2727 Indoluit
455 2686 641 2728 multum
674 2687 814 2728 doluit

230 2756 496 2815 Incestum3)
538 2758 976 2802 sanctimoniuexatio
1018 2761 1087 2802 uel

291 2844 463 2871 cremen
509 2833 575 2872 est
619 2830 752 2886 impie
805 2833 1089 2874 commiscum

291 2915 389 2943 cum
422 2915 570 2943 sorore
603 2902 771 2944 autfilia
798 2905 873 2944 aut
900 2907 1088 2959 cognata

1131 248 1319 291 Inuisice
1351 250 1676 306 negotiationes

1132 319 1347 374 Impetrat
1378 322 1538 376 accipit

1132 390 1385 434 Inuechillis
1418 394 1655 449 sanguidus

1132 461 1328 504 Inoliuae
1362 478 1512 506 coesae
2010 480 2044 503 35»

1131 532 1343 576 Inuensus
1376 535 1637 589 inportunus

1132 603 1416 647 Indiuiscitur
1449 606 1705 662 adipiscitur

1133 674 1339 731 Indeptus
1374 678 1556 733 adeptus
1589 684 1845 722 consecutus

1130 745 1377 791 Insciabilis
1400 749 1473 804 qui
1497 750 1716 791 uulnerari
1736 766 1821 793 non
1845 756 1990 806 potest

1131 817 1404 874 Inpoplabile
1437 821 1622 864 inlesum
2010 838 2045 862 -10

1130 889 1361 933 Inuersisti
1394 891 1585 935 intulisti

1131 961 1383 1005 Indemnem
1416 964 1507 1005 sine
1541 966 1698 1007 damno

1129 1032 1421 1089 Inprocuncto
1454 1035 1714 1092 inapparato

1130 1104 1325 1148 Infitiare
1382 1122 1541 1163 negare
1593 1112 1668 1150 aut
1718 1110 1880 1152 crimen
1932 1111 1991 1153 fa-

1185 1192 1288 1220 *cere

1132 1250 1354 1306 Inrogarit
1385 1250 1536 1293 intulit
2008 1267 2042 1292 45

1132 1320 1370 1376 Inpensum
1387 1321 1633 1366 inmensum
1648 1325 1717 1367 uel
1733 1326 1990 1380 inpertitum

1132 1391 1462 1435 Incommodum
1499 1395 1704 1438 damnum

1131 1463 1547 1520 Intempestanoctis
1581 1468 1864 1511 medianoctis

1130 1536 1281 1592 Inquis
1315 1537 1421 1580 dicis

1129 1607 1220 1650 Init
1253 1610 1396 1664 coepit
2011 1626 2045 1651 50

1129 1679 1448 1735 Inprofundum
1479 1682 1667 1725 incautis

1129 1751 1397 1795 Internuntii
1419 1754 1492 1808 qui
1520 1754 1633 1796 inter
1658 1760 1805 1810 partes
1832 1758 1988 1799 nuntiu

1191 1824 1392 1867 adferunt

1128 1894 1321 1952 Insignit
1354 1898 1520 1939 exaltat
1552 1898 1728 1941 decorat

1129 1967 1334 2022 Inpotero
1367 1972 1544 2024 postera

1130 2037 1345 2081 Indicium
1417 2041 1722 2084 decuriendum
1793 2043 1989 2087 testimo·
2011 2057 2045 2082 55

1190 2109 1358 2169 nium4)

1130 2183 1360 2226 Infandum
1392 2199 1480 2226 non
1513 2185 1777 2241 loquendum

1129 2254 1418 2298 Inexorabilis
1470 2257 1543 2312 qui
1600 2259 1733 2301 nullis
1787 2260 1987 2314 precibus

1189 2327 1380 2370 flectitur

1129 2398 1374 2457 Inuechitf’)
1408 2400 1604 2456 inportat

1128 2470 1317 2513 Incaluit
1349 2473 1476 2514 ualde
1509 2473 1684 2515 uerbuit

1129 2542 1338 2586 Innoxius
1372 2545 1542 2587 solutus
2009 2564 2043 2587 ου

1129 2613 1499 2658 Inferaoessuinas
1550 2617 1633 2660 hoc
1677 2622 1744 2659 est
1793 2617 1988 2660 infructi-

1187 2686 1301 2730 feras

1126 2758 1356 2801 Interlitus
1377 2760 1627 2803 inarlinitus
1642 2761 1711 2803 uel
1733 2761 1840 2803 abeo
1858 2762 1987 2817 quod-

1188 2834 1254 2873 est
1285 2831 1401 2874 inter
1431 2832 1545 2874 linor

1126 2902 1295 2959 Ingluit
1327 2903 1544 2960 ingluuies
1578 2905 1681 2960 gula
1713 2904 1781 2946 1161
1816 2907 1969 2960 guttor

1991 2202 2055 2238 fol.
2071 2203 2132 2234 2ssr

328 3069 361 3111 1)
395 3066 480 3101 uiae
506 3078 615 3112 super
640 3078 710 3102 uae
736 3069 821 3104 add.
847 3072 928 3104 m.1
973 3071 984 3113 Η
1029 3070 1063 3114 2)
1094 3070 1111 3103 t
1142 3069 1287 3105 videtur
1318 3069 1435 3104 deleta
1460 3072 1542 3104 m.1
1586 3070 1598 3115 ΙΙ
1642 3070 1677 3116 3)
1710 3080 1726 3104 s
1747 3080 1819 3115 pro
1845 3081 1863 3103 1
1894 3081 1985 3106 corr.

231 3137 276 3162 m.
291 3130 310 3162 1
332 3129 343 3170 ΙΙ
368 3128 406 3172 4)
431 3126 691 3162 testimonium
717 3129 802 3165 add.
829 3141 875 3165 m.
890 3131 915 3164 2
935 3130 947 3175 11
973 3129 1008 3175 5)
1033 3128 1220 3164 Inuechilt
1246 3133 1330 3165 ame
1356 3141 1447 3166 corr.
1474 3141 1518 3166 m.
1536 3133 1556 3165 1
1576 3130 1604 3176 ΙΙ-
