<?xml version="1.0" encoding="UTF-8"?>
<!DOCTYPE html PUBLIC "-//W3C//DTD XHTML 1.0 Transitional//EN"
    "http://www.w3.org/TR/xhtml1/DTD/xhtml1-transitional.dtd">
<html xmlns="http://www.w3.org/1999/xhtml" xml:lang="en" lang="en">
 <head>
  <title>
</title>
<meta http-equiv="Content-Type" content="text/html;charset=utf-8" />
  <meta name='ocr-system' content='tesseract 3.04.00' />
  <meta name='ocr-capabilities' content='ocr_page ocr_carea ocr_par ocr_line ocrx_word'/>
</head>
<body>
  <div class='ocr_page' id='page_1' title='image "./corpusglossarior05linduoft/corpusglossarior05linduoft_0079.png"; bbox 0 0 2216 3402; ppageno 0'>
   <div class='ocr_carea' id='block_1_1' title="bbox 622 113 1481 150">
    <p class='ocr_par' dir='ltr' id='par_1_1' title="bbox 622 113 1481 150">
     <span class='ocr_line' id='line_1_1' title="bbox 622 113 1481 150; baseline 0 -2"><span class='ocrx_word' id='word_1_1' title='bbox 622 113 858 150; x_wconf 86' lang='lat' dir='ltr'>PLACIDVS</span> <span class='ocrx_word' id='word_1_2' title='bbox 885 113 1138 149; x_wconf 85' lang='lat' dir='ltr'>LIBRORVM</span> <span class='ocrx_word' id='word_1_3' title='bbox 1162 114 1481 150; x_wconf 79' lang='lat' dir='ltr'><strong>ROMANORVM</strong></span> 
     </span>
    </p>
   </div>
   <div class='ocr_carea' id='block_1_2' title="bbox 147 223 1039 766">
    <p class='ocr_par' dir='ltr' id='par_1_2' title="bbox 186 223 759 279">
     <span class='ocr_line' id='line_1_2' title="bbox 186 223 759 279; baseline -0.002 -13"><span class='ocrx_word' id='word_1_4' title='bbox 186 223 473 266; x_wconf 86' lang='lat' dir='ltr'>Obstrulenta</span> <span class='ocrx_word' id='word_1_5' title='bbox 505 223 759 279; x_wconf 84' lang='lat' dir='ltr'>appetenda.</span> 
     </span>
    </p>

    <p class='ocr_par' dir='ltr' id='par_1_3' title="bbox 187 294 1039 337">
     <span class='ocr_line' id='line_1_3' title="bbox 187 294 1039 337; baseline -0.001 0"><span class='ocrx_word' id='word_1_6' title='bbox 187 295 402 337; x_wconf 86' lang='lat' dir='ltr'>Oriefreni</span> <span class='ocrx_word' id='word_1_7' title='bbox 427 295 620 337; x_wconf 82' lang='lat' dir='ltr'>habenae</span> <span class='ocrx_word' id='word_1_8' title='bbox 648 294 701 336; x_wconf 90' lang='lat' dir='ltr'>ab</span> <span class='ocrx_word' id='word_1_9' title='bbox 727 309 798 337; x_wconf 87' lang='lat' dir='ltr'>ore</span> <span class='ocrx_word' id='word_1_10' title='bbox 826 295 1039 337; x_wconf 85' lang='lat' dir='ltr'>dicuntur.</span> 
     </span>
    </p>

    <p class='ocr_par' dir='ltr' id='par_1_4' title="bbox 184 366 1039 421">
     <span class='ocr_line' id='line_1_4' title="bbox 184 366 1039 421; baseline 0 -13"><span class='ocrx_word' id='word_1_11' title='bbox 184 366 371 408; x_wconf 90' lang='lat' dir='ltr'>Omenta</span> <span class='ocrx_word' id='word_1_12' title='bbox 402 369 625 421; x_wconf 84' lang='lat' dir='ltr'>exspectat</span> <span class='ocrx_word' id='word_1_13' title='bbox 664 366 828 408; x_wconf 89' lang='lat' dir='ltr'>dictum</span> <span class='ocrx_word' id='word_1_14' title='bbox 867 382 892 408; x_wconf 87' lang='lat' dir='ltr'>a</span> <span class='ocrx_word' id='word_1_15' title='bbox 923 382 1039 409; x_wconf 91' lang='lat' dir='ltr'>man-</span> 
     </span>
    </p>

    <p class='ocr_par' dir='ltr' id='par_1_5' title="bbox 243 438 910 480">
     <span class='ocr_line' id='line_1_5' title="bbox 243 438 910 480; baseline 0 0"><span class='ocrx_word' id='word_1_16' title='bbox 243 438 375 480; x_wconf 87' lang='lat' dir='ltr'>tando</span> <span class='ocrx_word' id='word_1_17' title='bbox 408 438 451 479; x_wconf 87' lang='lat' dir='ltr'>id</span> <span class='ocrx_word' id='word_1_18' title='bbox 484 441 550 479; x_wconf 88' lang='lat' dir='ltr'>est</span> <span class='ocrx_word' id='word_1_19' title='bbox 582 438 656 479; x_wconf 87' lang='lat' dir='ltr'>diu</span> <span class='ocrx_word' id='word_1_20' title='bbox 688 438 910 480; x_wconf 85' lang='lat' dir='ltr'>manendo.</span> 
     </span>
    </p>

    <p class='ocr_par' dir='ltr' id='par_1_6' title="bbox 147 508 1037 636">
     <span class='ocr_line' id='line_1_6' title="bbox 183 508 1037 565; baseline 0.001 -15"><span class='ocrx_word' id='word_1_21' title='bbox 183 508 339 552; x_wconf 88' lang='lat' dir='ltr'>Officio</span> <span class='ocrx_word' id='word_1_22' title='bbox 372 509 560 565; x_wconf 84' lang='lat' dir='ltr'>migraui</span> <span class='ocrx_word' id='word_1_23' title='bbox 599 510 652 551; x_wconf 89' lang='lat' dir='ltr'>ab</span> <span class='ocrx_word' id='word_1_24' title='bbox 691 508 834 551; x_wconf 82' lang='lat' dir='ltr'>officio</span> <span class='ocrx_word' id='word_1_25' title='bbox 868 509 1037 551; x_wconf 78' lang='lat' dir='ltr'>recessi.</span> 
     </span>
     <span class='ocr_line' id='line_1_7' title="bbox 147 579 935 636; baseline -0.001 -13"><span class='ocrx_word' id='word_1_26' title='bbox 147 597 162 622; x_wconf 87' lang='lat'>5</span> <span class='ocrx_word' id='word_1_27' title='bbox 182 580 371 636; x_wconf 89' lang='lat' dir='ltr'>Opulato</span> <span class='ocrx_word' id='word_1_28' title='bbox 404 580 646 636; x_wconf 87' lang='lat' dir='ltr'>praesentis</span> <span class='ocrx_word' id='word_1_29' title='bbox 678 583 728 622; x_wconf 89' lang='lat' dir='ltr'>ut</span> <span class='ocrx_word' id='word_1_30' title='bbox 759 579 935 635; x_wconf 88' lang='lat' dir='ltr'>apulis.-</span> 
     </span>
    </p>

    <p class='ocr_par' dir='ltr' id='par_1_7' title="bbox 183 652 761 708">
     <span class='ocr_line' id='line_1_8' title="bbox 183 652 761 708; baseline -0.002 -14"><span class='ocrx_word' id='word_1_31' title='bbox 183 652 325 694; x_wconf 87' lang='lat' dir='ltr'>Obdet</span> <span class='ocrx_word' id='word_1_32' title='bbox 358 652 518 695; x_wconf 84' lang='lat' dir='ltr'>obiciet</span> <span class='ocrx_word' id='word_1_33' title='bbox 551 652 761 708; x_wconf 81' lang='lat' dir='ltr'>suggerit.</span> 
     </span>
    </p>

    <p class='ocr_par' dir='ltr' id='par_1_8' title="bbox 182 723 966 766">
     <span class='ocr_line' id='line_1_9' title="bbox 182 723 966 766; baseline -0.001 0"><span class='ocrx_word' id='word_1_34' title='bbox 182 723 356 766; x_wconf 81' lang='lat' dir='ltr'>Offucas</span> <span class='ocrx_word' id='word_1_35' title='bbox 389 724 516 766; x_wconf 86' lang='lat' dir='ltr'>offers</span> <span class='ocrx_word' id='word_1_36' title='bbox 549 724 619 766; x_wconf 91' lang='lat' dir='ltr'>uel</span> <span class='ocrx_word' id='word_1_37' title='bbox 650 724 966 766; x_wconf 85' lang='lat' dir='ltr'>infraudendas.</span> 
     </span>
    </p>
   </div>
   <div class='ocr_carea' id='block_1_3' title="bbox 216 923 998 969">
    <p class='ocr_par' dir='ltr' id='par_1_9' title="bbox 216 923 998 969">
     <span class='ocr_line' id='line_1_10' title="bbox 216 923 998 969; baseline 0.001 -1"><span class='ocrx_word' id='word_1_38' title='bbox 216 923 439 968; x_wconf 81' lang='lat' dir='ltr'>INCIPIT</span> <span class='ocrx_word' id='word_1_39' title='bbox 472 925 586 968; x_wconf 83' lang='lat' dir='ltr'>PER</span> <span class='ocrx_word' id='word_1_40' title='bbox 618 926 652 967; x_wconf 92' lang='lat' dir='ltr'>P</span> <span class='ocrx_word' id='word_1_41' title='bbox 684 926 998 969; x_wconf 85' lang='lat' dir='ltr'>LITTERAM.</span> 
     </span>
    </p>
   </div>
   <div class='ocr_carea' id='block_1_4' title="bbox 118 1010 1030 2569">
    <p class='ocr_par' dir='ltr' id='par_1_10' title="bbox 179 1010 515 1053">
     <span class='ocr_line' id='line_1_11' title="bbox 179 1010 515 1053; baseline 0 -2"><span class='ocrx_word' id='word_1_42' title='bbox 179 1010 323 1053; x_wconf 87' lang='lat' dir='ltr'>Pedor</span> <span class='ocrx_word' id='word_1_43' title='bbox 355 1011 515 1052; x_wconf 89' lang='lat' dir='ltr'>sordes.</span> 
     </span>
    </p>

    <p class='ocr_par' dir='ltr' id='par_1_11' title="bbox 122 1081 747 1138">
     <span class='ocr_line' id='line_1_12' title="bbox 122 1081 747 1138; baseline 0.002 -15"><span class='ocrx_word' id='word_1_44' title='bbox 122 1099 156 1124; x_wconf 77' lang='grc' dir='ltr'>ιο</span> <span class='ocrx_word' id='word_1_45' title='bbox 175 1081 440 1137; x_wconf 88' lang='lat' dir='ltr'>Perpetuare</span> <span class='ocrx_word' id='word_1_46' title='bbox 475 1081 747 1138; x_wconf 84' lang='lat' dir='ltr'>coniungere.</span> 
     </span>
    </p>

    <p class='ocr_par' dir='ltr' id='par_1_12' title="bbox 175 1153 668 1208">
     <span class='ocr_line' id='line_1_13' title="bbox 175 1153 668 1208; baseline 0 -13"><span class='ocrx_word' id='word_1_47' title='bbox 175 1153 400 1195; x_wconf 84' lang='lat' dir='ltr'>Pertineat</span> <span class='ocrx_word' id='word_1_48' title='bbox 431 1153 668 1208; x_wconf 86' lang='lat' dir='ltr'>perueniat.</span> 
     </span>
    </p>

    <p class='ocr_par' dir='ltr' id='par_1_13' title="bbox 173 1224 626 1280">
     <span class='ocr_line' id='line_1_14' title="bbox 173 1224 626 1280; baseline 0 -14"><span class='ocrx_word' id='word_1_49' title='bbox 173 1224 374 1267; x_wconf 89' lang='lat' dir='ltr'>Persolas</span> <span class='ocrx_word' id='word_1_50' title='bbox 406 1239 626 1280; x_wconf 82' lang='lat' dir='ltr'>personas.</span> 
     </span>
    </p>

    <p class='ocr_par' dir='ltr' id='par_1_14' title="bbox 174 1295 822 1351">
     <span class='ocr_line' id='line_1_15' title="bbox 174 1295 822 1351; baseline 0.002 -14"><span class='ocrx_word' id='word_1_51' title='bbox 174 1295 348 1338; x_wconf 89' lang='lat' dir='ltr'>Plotors</span> <span class='ocrx_word' id='word_1_52' title='bbox 383 1311 407 1337; x_wconf 89' lang='lat' dir='ltr'>a</span> <span class='ocrx_word' id='word_1_53' title='bbox 439 1296 623 1351; x_wconf 87' lang='lat' dir='ltr'>pedibus</span> <span class='ocrx_word' id='word_1_54' title='bbox 656 1297 822 1338; x_wconf 90' lang='lat' dir='ltr'>ductos.</span> 
     </span>
    </p>

    <p class='ocr_par' dir='ltr' id='par_1_15' title="bbox 172 1366 858 1422">
     <span class='ocr_line' id='line_1_16' title="bbox 172 1366 858 1422; baseline 0.003 -14"><span class='ocrx_word' id='word_1_55' title='bbox 172 1366 416 1409; x_wconf 86' lang='lat' dir='ltr'>Parietinas</span> <span class='ocrx_word' id='word_1_56' title='bbox 448 1368 666 1422; x_wconf 87' lang='lat' dir='ltr'>parietum</span> <span class='ocrx_word' id='word_1_57' title='bbox 698 1368 858 1410; x_wconf 86' lang='lat' dir='ltr'>ruinas.</span> 
     </span>
    </p>

    <p class='ocr_par' dir='ltr' id='par_1_16' title="bbox 120 1438 1030 1494">
     <span class='ocr_line' id='line_1_17' title="bbox 120 1438 1030 1494; baseline 0.001 -12"><span class='ocrx_word' id='word_1_58' title='bbox 120 1456 153 1482; x_wconf 87' lang='lat'>15</span> <span class='ocrx_word' id='word_1_59' title='bbox 173 1438 357 1481; x_wconf 89' lang='lat' dir='ltr'>Porcam</span> <span class='ocrx_word' id='word_1_60' title='bbox 407 1441 526 1481; x_wconf 90' lang='lat' dir='ltr'>terra</span> <span class='ocrx_word' id='word_1_61' title='bbox 575 1454 683 1494; x_wconf 87' lang='lat' dir='ltr'>quae</span> <span class='ocrx_word' id='word_1_62' title='bbox 728 1440 843 1482; x_wconf 88' lang='lat' dir='ltr'>inter</span> <span class='ocrx_word' id='word_1_63' title='bbox 889 1441 1030 1483; x_wconf 89' lang='lat' dir='ltr'>sulcos</span> 
     </span>
    </p>

    <p class='ocr_par' dir='ltr' id='par_1_17' title="bbox 119 1498 432 1553">
     <span class='ocr_line' id='line_1_18' title="bbox 119 1498 432 1553; baseline 0.006 -2"><span class='ocrx_word' id='word_1_64' title='bbox 119 1498 123 1500; x_wconf 41' lang='grc'><strong>’</strong></span> <span class='ocrx_word' id='word_1_65' title='bbox 232 1514 299 1552; x_wconf 86' lang='lat' dir='ltr'>est</span> <span class='ocrx_word' id='word_1_66' title='bbox 329 1511 432 1553; x_wconf 87' lang='lat' dir='ltr'>lata.</span> 
     </span>
    </p>

    <p class='ocr_par' dir='ltr' id='par_1_18' title="bbox 172 1581 1027 1639">
     <span class='ocr_line' id='line_1_19' title="bbox 172 1581 1027 1639; baseline 0.004 -16"><span class='ocrx_word' id='word_1_67' title='bbox 172 1581 340 1638; x_wconf 85' lang='lat' dir='ltr'>Plango</span> <span class='ocrx_word' id='word_1_68' title='bbox 362 1597 459 1625; x_wconf 90' lang='lat' dir='ltr'>cum</span> <span class='ocrx_word' id='word_1_69' title='bbox 480 1597 676 1639; x_wconf 81' lang='lat' dir='ltr'>pugnum</span> <span class='ocrx_word' id='word_1_70' title='bbox 691 1583 823 1625; x_wconf 87' lang='lat' dir='ltr'>alicui</span> <span class='ocrx_word' id='word_1_71' title='bbox 838 1584 1027 1626; x_wconf 89' lang='lat' dir='ltr'>retollas.</span> 
     </span>
    </p>

    <p class='ocr_par' dir='ltr' id='par_1_19' title="bbox 171 1652 611 1709">
     <span class='ocr_line' id='line_1_20' title="bbox 171 1652 611 1709; baseline 0.002 -15"><span class='ocrx_word' id='word_1_72' title='bbox 171 1652 359 1709; x_wconf 80' lang='lat' dir='ltr'>Plaugas</span> <span class='ocrx_word' id='word_1_73' title='bbox 393 1654 611 1709; x_wconf 82' lang='lat' dir='ltr'>splangas.</span> 
     </span>
    </p>

    <p class='ocr_par' dir='ltr' id='par_1_20' title="bbox 171 1723 847 1781">
     <span class='ocr_line' id='line_1_21' title="bbox 171 1723 847 1781; baseline 0.004 -16"><span class='ocrx_word' id='word_1_74' title='bbox 171 1723 350 1766; x_wconf 88' lang='lat' dir='ltr'>Putium</span> <span class='ocrx_word' id='word_1_75' title='bbox 380 1725 569 1780; x_wconf 90' lang='lat' dir='ltr'>pithium</span> <span class='ocrx_word' id='word_1_76' title='bbox 603 1726 847 1781; x_wconf 80' lang='lat' dir='ltr'>apollinem.</span> 
     </span>
    </p>

    <p class='ocr_par' dir='ltr' id='par_1_21' title="bbox 173 1796 1029 1924">
     <span class='ocr_line' id='line_1_22' title="bbox 173 1796 1029 1841; baseline 0.004 -3"><span class='ocrx_word' id='word_1_77' title='bbox 173 1796 357 1838; x_wconf 87' lang='lat' dir='ltr'>Portum</span> <span class='ocrx_word' id='word_1_78' title='bbox 390 1797 566 1839; x_wconf 84' lang='lat' dir='ltr'>domum</span> <span class='ocrx_word' id='word_1_79' title='bbox 598 1797 664 1839; x_wconf 88' lang='lat' dir='ltr'>ue]</span> <span class='ocrx_word' id='word_1_80' title='bbox 694 1797 869 1840; x_wconf 84' lang='lat' dir='ltr'>ianuam</span> <span class='ocrx_word' id='word_1_81' title='bbox 902 1799 1029 1841; x_wconf 86' lang='lat' dir='ltr'>inter-</span> 
     </span>
     <span class='ocr_line' id='line_1_23' title="bbox 231 1868 564 1924; baseline 0.003 -15"><span class='ocrx_word' id='word_1_82' title='bbox 231 1868 333 1909; x_wconf 92' lang='lat' dir='ltr'>dum</span> <span class='ocrx_word' id='word_1_83' title='bbox 364 1869 564 1924; x_wconf 88' lang='lat' dir='ltr'>petitum.</span> 
     </span>
    </p>

    <p class='ocr_par' dir='ltr' id='par_1_22' title="bbox 118 1938 1026 2126">
     <span class='ocr_line' id='line_1_24' title="bbox 118 1938 853 1996; baseline 0.003 -16"><span class='ocrx_word' id='word_1_84' title='bbox 118 1960 152 1984; x_wconf 75' lang='lat'>20</span> <span class='ocrx_word' id='word_1_85' title='bbox 170 1938 333 1981; x_wconf 89' lang='lat' dir='ltr'>Pelluis</span> <span class='ocrx_word' id='word_1_86' title='bbox 367 1940 420 1981; x_wconf 88' lang='lat' dir='ltr'>ab</span> <span class='ocrx_word' id='word_1_87' title='bbox 455 1955 504 1983; x_wconf 90' lang='lat' dir='ltr'>eo</span> <span class='ocrx_word' id='word_1_88' title='bbox 539 1941 653 1996; x_wconf 88' lang='lat' dir='ltr'>quod</span> <span class='ocrx_word' id='word_1_89' title='bbox 684 1941 853 1996; x_wconf 82' lang='lat' dir='ltr'>pedum.</span> 
     </span>
     <span class='ocr_line' id='line_1_25' title="bbox 170 2010 1026 2055; baseline 0.002 -3"><span class='ocrx_word' id='word_1_90' title='bbox 170 2010 369 2053; x_wconf 87' lang='lat' dir='ltr'>Pelluuio</span> <span class='ocrx_word' id='word_1_91' title='bbox 397 2012 456 2054; x_wconf 88' lang='lat' dir='ltr'>sit</span> <span class='ocrx_word' id='word_1_92' title='bbox 482 2015 532 2054; x_wconf 88' lang='lat' dir='ltr'>ut</span> <span class='ocrx_word' id='word_1_93' title='bbox 558 2012 814 2054; x_wconf 87' lang='lat' dir='ltr'>malluuium</span> <span class='ocrx_word' id='word_1_94' title='bbox 840 2028 1026 2055; x_wconf 88' lang='lat' dir='ltr'>manum.</span> 
     </span>
     <span class='ocr_line' id='line_1_26' title="bbox 171 2082 585 2126; baseline 0.002 -2"><span class='ocrx_word' id='word_1_95' title='bbox 171 2082 405 2125; x_wconf 91' lang='lat' dir='ltr'>Pollubreo</span> <span class='ocrx_word' id='word_1_96' title='bbox 438 2084 585 2126; x_wconf 88' lang='lat' dir='ltr'>tulleo.</span> 
     </span>
    </p>

    <p class='ocr_par' dir='ltr' id='par_1_23' title="bbox 170 2154 1028 2484">
     <span class='ocr_line' id='line_1_27' title="bbox 170 2154 1027 2210; baseline 0.002 -14"><span class='ocrx_word' id='word_1_97' title='bbox 170 2154 346 2197; x_wconf 90' lang='lat' dir='ltr'>Pullum</span> <span class='ocrx_word' id='word_1_98' title='bbox 389 2170 571 2210; x_wconf 87' lang='lat' dir='ltr'>puerum</span> <span class='ocrx_word' id='word_1_99' title='bbox 620 2156 666 2198; x_wconf 89' lang='lat' dir='ltr'>in</span> <span class='ocrx_word' id='word_1_100' title='bbox 711 2156 932 2198; x_wconf 86' lang='lat' dir='ltr'>amoribus</span> <span class='ocrx_word' id='word_1_101' title='bbox 982 2158 1027 2199; x_wconf 88' lang='lat' dir='ltr'>id</span> 
     </span>
     <span class='ocr_line' id='line_1_28' title="bbox 231 2227 1025 2283; baseline 0.003 -15"><span class='ocrx_word' id='word_1_102' title='bbox 231 2229 297 2268; x_wconf 89' lang='lat' dir='ltr'>est</span> <span class='ocrx_word' id='word_1_103' title='bbox 347 2227 536 2269; x_wconf 88' lang='lat' dir='ltr'>rhetoris</span> <span class='ocrx_word' id='word_1_104' title='bbox 588 2228 661 2283; x_wconf 89' lang='lat' dir='ltr'>qui</span> <span class='ocrx_word' id='word_1_105' title='bbox 714 2243 860 2270; x_wconf 88' lang='lat' dir='ltr'>romae</span> <span class='ocrx_word' id='word_1_106' title='bbox 914 2229 1025 2271; x_wconf 87' lang='lat' dir='ltr'>unde</span> 
     </span>
     <span class='ocr_line' id='line_1_29' title="bbox 231 2299 1026 2355; baseline 0.001 -15"><span class='ocrx_word' id='word_1_107' title='bbox 231 2299 414 2354; x_wconf 88' lang='lat' dir='ltr'>quauius</span> <span class='ocrx_word' id='word_1_108' title='bbox 460 2299 648 2342; x_wconf 89' lang='lat' dir='ltr'>eburnus</span> <span class='ocrx_word' id='word_1_109' title='bbox 695 2300 808 2355; x_wconf 86' lang='lat' dir='ltr'>quod</span> <span class='ocrx_word' id='word_1_110' title='bbox 850 2300 1026 2342; x_wconf 88' lang='lat' dir='ltr'>natibus</span> 
     </span>
     <span class='ocr_line' id='line_1_30' title="bbox 230 2370 1028 2426; baseline 0.004 -15"><span class='ocrx_word' id='word_1_111' title='bbox 230 2370 445 2426; x_wconf 79' lang='lat' dir='ltr'>figuratus</span> <span class='ocrx_word' id='word_1_112' title='bbox 485 2374 577 2413; x_wconf 89' lang='lat' dir='ltr'>erat</span> <span class='ocrx_word' id='word_1_113' title='bbox 614 2371 759 2426; x_wconf 88' lang='lat' dir='ltr'>pullus</span> <span class='ocrx_word' id='word_1_114' title='bbox 798 2371 910 2413; x_wconf 89' lang='lat' dir='ltr'>iouis</span> <span class='ocrx_word' id='word_1_115' title='bbox 944 2372 1028 2414; x_wconf 88' lang='lat' dir='ltr'>dic-</span> 
     </span>
     <span class='ocr_line' id='line_1_31' title="bbox 231 2445 412 2484; baseline 0 -1"><span class='ocrx_word' id='word_1_116' title='bbox 231 2445 302 2484; x_wconf 91' lang='lat' dir='ltr'>tus</span> <span class='ocrx_word' id='word_1_117' title='bbox 335 2445 412 2484; x_wconf 89' lang='lat' dir='ltr'>est.</span> 
     </span>
    </p>

    <p class='ocr_par' dir='ltr' id='par_1_24' title="bbox 170 2513 594 2569">
     <span class='ocr_line' id='line_1_32' title="bbox 170 2513 594 2569; baseline 0 -14"><span class='ocrx_word' id='word_1_118' title='bbox 170 2513 326 2556; x_wconf 89' lang='lat' dir='ltr'>Patere</span> <span class='ocrx_word' id='word_1_119' title='bbox 358 2514 528 2569; x_wconf 82' lang='lat' dir='ltr'>pacisci.</span> <span class='ocrx_word' id='word_1_120' title='bbox 582 2549 594 2561; x_wconf 82' lang='lat'>.</span> 
     </span>
    </p>
   </div>
   <div class='ocr_carea' id='block_1_5' title="bbox 116 2585 1063 2641">
    <p class='ocr_par' dir='ltr' id='par_1_25' title="bbox 116 2585 1063 2641">
     <span class='ocr_line' id='line_1_33' title="bbox 116 2585 1063 2641; baseline 0.001 -14"><span class='ocrx_word' id='word_1_121' title='bbox 116 2603 150 2628; x_wconf 82' lang='lat'>25</span> <span class='ocrx_word' id='word_1_122' title='bbox 170 2585 338 2627; x_wconf 90' lang='lat' dir='ltr'>Partim</span> <span class='ocrx_word' id='word_1_123' title='bbox 359 2585 586 2628; x_wconf 83' lang='lat' dir='ltr'>dimidium</span> <span class='ocrx_word' id='word_1_124' title='bbox 612 2586 713 2628; x_wconf 88' lang='lat' dir='ltr'>hinc</span> <span class='ocrx_word' id='word_1_125' title='bbox 739 2589 783 2628; x_wconf 90' lang='lat' dir='ltr'>et</span> <span class='ocrx_word' id='word_1_126' title='bbox 809 2586 907 2628; x_wconf 86' lang='lat' dir='ltr'>inde</span> <span class='ocrx_word' id='word_1_127' title='bbox 933 2601 1026 2641; x_wconf 86' lang='lat' dir='ltr'>par·</span> <span class='ocrx_word' id='word_1_128' title='bbox 1060 2619 1063 2621; x_wconf 87' lang='lat'>-</span> 
     </span>
    </p>
   </div>
   <div class='ocr_carea' id='block_1_6' title="bbox 170 2657 1023 2782">
    <p class='ocr_par' dir='ltr' id='par_1_26' title="bbox 170 2657 1023 2782">
     <span class='ocr_line' id='line_1_34' title="bbox 229 2657 904 2712; baseline 0.001 -14"><span class='ocrx_word' id='word_1_129' title='bbox 229 2657 304 2698; x_wconf 88' lang='lat' dir='ltr'>tiri</span> <span class='ocrx_word' id='word_1_130' title='bbox 336 2657 494 2699; x_wconf 88' lang='lat' dir='ltr'>dicitur</span> <span class='ocrx_word' id='word_1_131' title='bbox 527 2658 642 2712; x_wconf 86' lang='lat' dir='ltr'>quod</span> <span class='ocrx_word' id='word_1_132' title='bbox 674 2657 904 2699; x_wconf 87' lang='lat' dir='ltr'>diuidatur.</span> 
     </span>
     <span class='ocr_line' id='line_1_35' title="bbox 170 2727 1023 2782; baseline 0.004 -14"><span class='ocrx_word' id='word_1_133' title='bbox 170 2727 363 2782; x_wconf 89' lang='lat' dir='ltr'>Papillas</span> <span class='ocrx_word' id='word_1_134' title='bbox 379 2743 547 2770; x_wconf 86' lang='lat' dir='ltr'>summa</span> <span class='ocrx_word' id='word_1_135' title='bbox 559 2730 713 2771; x_wconf 87' lang='lat' dir='ltr'>nuclea</span> <span class='ocrx_word' id='word_1_136' title='bbox 726 2744 1023 2771; x_wconf 89' lang='lat' dir='ltr'>mammarum.</span> 
     </span>
    </p>
   </div>
   <div class='ocr_carea' id='block_1_7' title="bbox 243 2813 455 2817">
    <p class='ocr_par' dir='ltr' id='par_1_27' title="bbox 243 2813 455 2817">
     <span class='ocr_line' id='line_1_36' title="bbox 243 2813 455 2817; baseline 0 0"><span class='ocrx_word' id='word_1_137' title='bbox 243 2813 455 2817; x_wconf 95' lang='lat' dir='ltr'> </span> 
     </span>
    </p>
   </div>
   <div class='ocr_carea' id='block_1_8' title="bbox 267 2857 1570 2904">
    <p class='ocr_par' dir='ltr' id='par_1_28' title="bbox 267 2857 1570 2904">
     <span class='ocr_line' id='line_1_37' title="bbox 267 2857 1570 2904; baseline 0.002 -13"><span class='ocrx_word' id='word_1_138' title='bbox 267 2860 298 2891; x_wconf 89' lang='lat'>3.</span> <span class='ocrx_word' id='word_1_139' title='bbox 328 2858 503 2902; x_wconf 72' lang='lat' dir='ltr'>expectat</span> <span class='ocrx_word' id='word_1_140' title='bbox 529 2859 574 2894; x_wconf 83' lang='lat' dir='ltr'>bc</span> <span class='ocrx_word' id='word_1_141' title='bbox 605 2860 616 2904; x_wconf 79' lang='grc' dir='ltr'>ΙΙ</span> <span class='ocrx_word' id='word_1_142' title='bbox 649 2861 679 2894; x_wconf 80' lang='grc'>8.</span> <span class='ocrx_word' id='word_1_143' title='bbox 708 2858 958 2893; x_wconf 78' lang='lat' dir='ltr'>INCIPIVNT</span> <span class='ocrx_word' id='word_1_144' title='bbox 984 2871 1007 2894; x_wconf 82' lang='lat' dir='ltr'>a</span> <span class='ocrx_word' id='word_1_145' title='bbox 1038 2860 1124 2903; x_wconf 77' lang='grc'>1115.</span> <span class='ocrx_word' id='word_1_146' title='bbox 1158 2857 1310 2892; x_wconf 83' lang='lat' dir='ltr'>Portam</span> <span class='ocrx_word' id='word_1_147' title='bbox 1336 2871 1369 2893; x_wconf 87' lang='lat' dir='ltr'>a.</span> <span class='ocrx_word' id='word_1_148' title='bbox 1408 2857 1570 2893; x_wconf 89' lang='lat' dir='ltr'>Porsa..</span> 
     </span>
    </p>
   </div>
   <div class='ocr_carea' id='block_1_9' title="bbox 1875 116 1929 156">
    <p class='ocr_par' dir='ltr' id='par_1_29' title="bbox 1875 116 1929 156">
     <span class='ocr_line' id='line_1_38' title="bbox 1875 116 1929 156; baseline 0 0"><span class='ocrx_word' id='word_1_149' title='bbox 1875 116 1929 156; x_wconf 84' lang='lat'>37</span> 
     </span>
    </p>
   </div>
   <div class='ocr_carea' id='block_1_10' title="bbox 1073 223 1983 1208">
    <p class='ocr_par' dir='ltr' id='par_1_30' title="bbox 1076 223 1931 338">
     <span class='ocr_line' id='line_1_39' title="bbox 1076 223 1931 280; baseline 0.001 -15"><span class='ocrx_word' id='word_1_150' title='bbox 1076 223 1335 280; x_wconf 85' lang='lat' dir='ltr'>Pataginem</span> <span class='ocrx_word' id='word_1_151' title='bbox 1375 239 1471 266; x_wconf 90' lang='lat' dir='ltr'>cum</span> <span class='ocrx_word' id='word_1_152' title='bbox 1505 227 1683 279; x_wconf 81' lang='lat' dir='ltr'>propter</span> <span class='ocrx_word' id='word_1_153' title='bbox 1715 225 1931 279; x_wconf 86' lang='lat' dir='ltr'>patuitam</span> 
     </span>
     <span class='ocr_line' id='line_1_40' title="bbox 1136 295 1758 338; baseline 0.002 -2"><span class='ocrx_word' id='word_1_154' title='bbox 1136 309 1221 336; x_wconf 88' lang='lat' dir='ltr'>non</span> <span class='ocrx_word' id='word_1_155' title='bbox 1254 295 1380 338; x_wconf 87' lang='lat' dir='ltr'>facile</span> <span class='ocrx_word' id='word_1_156' title='bbox 1412 296 1536 338; x_wconf 90' lang='lat' dir='ltr'>labra</span> <span class='ocrx_word' id='word_1_157' title='bbox 1568 299 1758 337; x_wconf 87' lang='lat' dir='ltr'>mouent.</span> 
     </span>
    </p>

    <p class='ocr_par' dir='ltr' id='par_1_31' title="bbox 1077 364 1853 422">
     <span class='ocr_line' id='line_1_41' title="bbox 1077 364 1853 422; baseline 0.003 -16"><span class='ocrx_word' id='word_1_158' title='bbox 1077 364 1172 407; x_wconf 88' lang='lat' dir='ltr'>Poli</span> <span class='ocrx_word' id='word_1_159' title='bbox 1205 366 1504 409; x_wconf 86' lang='lat' dir='ltr'>iusiurandum</span> <span class='ocrx_word' id='word_1_160' title='bbox 1536 382 1613 422; x_wconf 90' lang='lat' dir='ltr'>per</span> <span class='ocrx_word' id='word_1_161' title='bbox 1644 367 1853 422; x_wconf 89' lang='lat' dir='ltr'>polucem.</span> 
     </span>
    </p>

    <p class='ocr_par' dir='ltr' id='par_1_32' title="bbox 1079 437 1931 552">
     <span class='ocr_line' id='line_1_42' title="bbox 1079 437 1931 494; baseline 0.002 -16"><span class='ocrx_word' id='word_1_162' title='bbox 1079 437 1356 480; x_wconf 72' lang='lat' dir='ltr'>Postliminio</span> <span class='ocrx_word' id='word_1_163' title='bbox 1401 438 1444 480; x_wconf 83' lang='lat' dir='ltr'>id</span> <span class='ocrx_word' id='word_1_164' title='bbox 1483 441 1550 480; x_wconf 90' lang='lat' dir='ltr'>est</span> <span class='ocrx_word' id='word_1_165' title='bbox 1589 437 1663 494; x_wconf 88' lang='lat' dir='ltr'>qui</span> <span class='ocrx_word' id='word_1_166' title='bbox 1705 439 1931 480; x_wconf 80' lang='lat' dir='ltr'>recessisse</span> 
     </span>
     <span class='ocr_line' id='line_1_43' title="bbox 1137 509 1542 552; baseline 0.007 -3"><span class='ocrx_word' id='word_1_167' title='bbox 1137 509 1376 551; x_wconf 82' lang='lat' dir='ltr'>decredisse</span> <span class='ocrx_word' id='word_1_168' title='bbox 1410 524 1542 552; x_wconf 90' lang='lat' dir='ltr'>erum.</span> 
     </span>
    </p>

    <p class='ocr_par' dir='ltr' id='par_1_33' title="bbox 1076 579 1503 635">
     <span class='ocr_line' id='line_1_44' title="bbox 1076 579 1503 635; baseline 0.005 -15"><span class='ocrx_word' id='word_1_169' title='bbox 1076 579 1283 621; x_wconf 89' lang='lat' dir='ltr'>Protendi</span> <span class='ocrx_word' id='word_1_170' title='bbox 1318 581 1503 635; x_wconf 81' lang='lat' dir='ltr'>porrexi.</span> 
     </span>
    </p>

    <p class='ocr_par' dir='ltr' id='par_1_34' title="bbox 1075 650 1930 708">
     <span class='ocr_line' id='line_1_45' title="bbox 1075 650 1930 708; baseline 0.004 -15"><span class='ocrx_word' id='word_1_171' title='bbox 1075 650 1191 693; x_wconf 90' lang='lat' dir='ltr'>Pedo</span> <span class='ocrx_word' id='word_1_172' title='bbox 1214 652 1326 694; x_wconf 89' lang='lat' dir='ltr'>fuste</span> <span class='ocrx_word' id='word_1_173' title='bbox 1346 653 1559 707; x_wconf 81' lang='lat' dir='ltr'>pastorali</span> <span class='ocrx_word' id='word_1_174' title='bbox 1576 653 1718 708; x_wconf 89' lang='lat' dir='ltr'>capite</span> <span class='ocrx_word' id='word_1_175' title='bbox 1737 653 1930 696; x_wconf 70' lang='lat' dir='ltr'>incuruo.</span> 
     </span>
    </p>

    <p class='ocr_par' dir='ltr' id='par_1_35' title="bbox 1075 722 1933 837">
     <span class='ocr_line' id='line_1_46' title="bbox 1075 722 1933 779; baseline 0.003 -15"><span class='ocrx_word' id='word_1_176' title='bbox 1075 722 1240 765; x_wconf 89' lang='lat' dir='ltr'>Plaudo</span> <span class='ocrx_word' id='word_1_177' title='bbox 1269 724 1351 764; x_wconf 90' lang='lat' dir='ltr'>tibi</span> <span class='ocrx_word' id='word_1_178' title='bbox 1377 739 1508 765; x_wconf 86' lang='lat' dir='ltr'>unam</span> <span class='ocrx_word' id='word_1_179' title='bbox 1535 739 1626 766; x_wconf 90' lang='lat' dir='ltr'>rem</span> <span class='ocrx_word' id='word_1_180' title='bbox 1652 727 1798 779; x_wconf 87' lang='lat' dir='ltr'>potest</span> <span class='ocrx_word' id='word_1_181' title='bbox 1819 726 1933 767; x_wconf 83' lang='lat' dir='ltr'>bona</span> 
     </span>
     <span class='ocr_line' id='line_1_47' title="bbox 1133 794 1433 837; baseline 0.007 -2"><span class='ocrx_word' id='word_1_182' title='bbox 1133 794 1295 836; x_wconf 89' lang='lat' dir='ltr'>locutio</span> <span class='ocrx_word' id='word_1_183' title='bbox 1329 809 1433 837; x_wconf 90' lang='lat' dir='ltr'>esse.</span> 
     </span>
    </p>

    <p class='ocr_par' dir='ltr' id='par_1_36' title="bbox 1076 865 1798 922">
     <span class='ocr_line' id='line_1_48' title="bbox 1076 865 1798 922; baseline 0.004 -16"><span class='ocrx_word' id='word_1_184' title='bbox 1076 865 1304 920; x_wconf 88' lang='lat' dir='ltr'>Propetale</span> <span class='ocrx_word' id='word_1_185' title='bbox 1339 869 1405 907; x_wconf 88' lang='lat' dir='ltr'>est</span> <span class='ocrx_word' id='word_1_186' title='bbox 1436 881 1571 922; x_wconf 80' lang='lat' dir='ltr'>uergo</span> <span class='ocrx_word' id='word_1_187' title='bbox 1603 867 1798 921; x_wconf 86' lang='lat' dir='ltr'>pedibus.</span> 
     </span>
    </p>

    <p class='ocr_par' dir='ltr' id='par_1_37' title="bbox 1075 937 1930 981">
     <span class='ocr_line' id='line_1_49' title="bbox 1075 937 1930 981; baseline 0.004 -3"><span class='ocrx_word' id='word_1_188' title='bbox 1075 937 1291 979; x_wconf 86' lang='lat' dir='ltr'>Plaudant</span> <span class='ocrx_word' id='word_1_189' title='bbox 1307 938 1456 980; x_wconf 87' lang='lat' dir='ltr'>chorui</span> <span class='ocrx_word' id='word_1_190' title='bbox 1472 938 1545 980; x_wconf 86' lang='lat' dir='ltr'>sed</span> <span class='ocrx_word' id='word_1_191' title='bbox 1567 939 1758 980; x_wconf 87' lang='lat' dir='ltr'>carmina</span> <span class='ocrx_word' id='word_1_192' title='bbox 1772 940 1930 981; x_wconf 86' lang='lat' dir='ltr'>dicunt.</span> 
     </span>
    </p>

    <p class='ocr_par' dir='ltr' id='par_1_38' title="bbox 1073 1008 1983 1208">
     <span class='ocr_line' id='line_1_50' title="bbox 1073 1008 1983 1064; baseline 0.003 -14"><span class='ocrx_word' id='word_1_193' title='bbox 1073 1008 1300 1063; x_wconf 72' lang='lat' dir='ltr'>Palpitans</span> <span class='ocrx_word' id='word_1_194' title='bbox 1339 1012 1406 1051; x_wconf 87' lang='lat' dir='ltr'>est</span> <span class='ocrx_word' id='word_1_195' title='bbox 1446 1009 1520 1064; x_wconf 86' lang='lat' dir='ltr'>qui</span> <span class='ocrx_word' id='word_1_196' title='bbox 1560 1010 1749 1051; x_wconf 85' lang='lat' dir='ltr'>animam</span> <span class='ocrx_word' id='word_1_197' title='bbox 1793 1011 1930 1053; x_wconf 87' lang='lat' dir='ltr'>trahit</span> <span class='ocrx_word' id='word_1_198' title='bbox 1950 1021 1983 1046; x_wconf 84' lang='lat'>35</span> 
     </span>
     <span class='ocr_line' id='line_1_51' title="bbox 1130 1080 1930 1135; baseline 0.005 -14"><span class='ocrx_word' id='word_1_199' title='bbox 1130 1095 1232 1122; x_wconf 87' lang='lat' dir='ltr'>nam</span> <span class='ocrx_word' id='word_1_200' title='bbox 1263 1080 1506 1135; x_wconf 88' lang='lat' dir='ltr'>palpitrans</span> <span class='ocrx_word' id='word_1_201' title='bbox 1538 1096 1626 1123; x_wconf 89' lang='lat' dir='ltr'>non</span> <span class='ocrx_word' id='word_1_202' title='bbox 1653 1085 1720 1123; x_wconf 89' lang='lat' dir='ltr'>est</span> <span class='ocrx_word' id='word_1_203' title='bbox 1745 1082 1930 1125; x_wconf 85' lang='lat' dir='ltr'>latinum</span> 
     </span>
     <span class='ocr_line' id='line_1_52' title="bbox 1131 1153 1929 1208; baseline 0.003 -15"><span class='ocrx_word' id='word_1_204' title='bbox 1131 1155 1279 1206; x_wconf 88' lang='lat' dir='ltr'>potest</span> <span class='ocrx_word' id='word_1_205' title='bbox 1305 1155 1451 1194; x_wconf 88' lang='lat' dir='ltr'>tamen</span> <span class='ocrx_word' id='word_1_206' title='bbox 1479 1167 1503 1194; x_wconf 88' lang='lat' dir='ltr'>a</span> <span class='ocrx_word' id='word_1_207' title='bbox 1522 1153 1744 1208; x_wconf 83' lang='lat' dir='ltr'>palpebris</span> <span class='ocrx_word' id='word_1_208' title='bbox 1769 1153 1929 1195; x_wconf 85' lang='lat' dir='ltr'>uenire.</span> 
     </span>
    </p>
   </div>
   <div class='ocr_carea' id='block_1_11' title="bbox 1953 593 1987 617">
    <p class='ocr_par' dir='ltr' id='par_1_39' title="bbox 1953 593 1987 617">
     <span class='ocr_line' id='line_1_53' title="bbox 1953 593 1987 617; baseline 0 0"><span class='ocrx_word' id='word_1_209' title='bbox 1953 593 1987 617; x_wconf 84' lang='lat'>30</span> 
     </span>
    </p>
   </div>
   <div class='ocr_carea' id='block_1_12' title="bbox 1064 1222 1978 2783">
    <p class='ocr_par' dir='ltr' id='par_1_40' title="bbox 1070 1222 1929 1409">
     <span class='ocr_line' id='line_1_54' title="bbox 1070 1222 1927 1267; baseline 0.002 -3"><span class='ocrx_word' id='word_1_210' title='bbox 1070 1222 1294 1265; x_wconf 89' lang='lat' dir='ltr'>Peruitam</span> <span class='ocrx_word' id='word_1_211' title='bbox 1354 1224 1469 1265; x_wconf 89' lang='lat' dir='ltr'>iurat</span> <span class='ocrx_word' id='word_1_212' title='bbox 1525 1224 1679 1266; x_wconf 86' lang='lat' dir='ltr'>melius</span> <span class='ocrx_word' id='word_1_213' title='bbox 1744 1225 1927 1267; x_wconf 84' lang='lat' dir='ltr'>dicimus</span> 
     </span>
     <span class='ocr_line' id='line_1_55' title="bbox 1132 1296 1929 1349; baseline 0.003 -13"><span class='ocrx_word' id='word_1_214' title='bbox 1132 1310 1262 1349; x_wconf 87' lang='lat' dir='ltr'>quam</span> <span class='ocrx_word' id='word_1_215' title='bbox 1299 1296 1438 1337; x_wconf 85' lang='lat' dir='ltr'>uitam</span> <span class='ocrx_word' id='word_1_216' title='bbox 1476 1296 1592 1337; x_wconf 86' lang='lat' dir='ltr'>iurat</span> <span class='ocrx_word' id='word_1_217' title='bbox 1632 1299 1780 1338; x_wconf 89' lang='lat' dir='ltr'>tamen</span> <span class='ocrx_word' id='word_1_218' title='bbox 1813 1297 1929 1338; x_wconf 89' lang='lat' dir='ltr'>iurat</span> 
     </span>
     <span class='ocr_line' id='line_1_56' title="bbox 1131 1367 1676 1409; baseline 0.004 -2"><span class='ocrx_word' id='word_1_219' title='bbox 1131 1367 1262 1408; x_wconf 89' lang='lat' dir='ltr'>etiam</span> <span class='ocrx_word' id='word_1_220' title='bbox 1295 1368 1434 1408; x_wconf 87' lang='lat' dir='ltr'>uitam</span> <span class='ocrx_word' id='word_1_221' title='bbox 1467 1368 1676 1409; x_wconf 88' lang='lat' dir='ltr'>absolute.</span> 
     </span>
    </p>

    <p class='ocr_par' dir='ltr' id='par_1_41' title="bbox 1070 1437 1930 1853">
     <span class='ocr_line' id='line_1_57' title="bbox 1070 1437 1930 1493; baseline 0.003 -14"><span class='ocrx_word' id='word_1_222' title='bbox 1070 1437 1219 1480; x_wconf 88' lang='lat' dir='ltr'>Pullos</span> <span class='ocrx_word' id='word_1_223' title='bbox 1271 1439 1443 1493; x_wconf 85' lang='lat' dir='ltr'>quidem</span> <span class='ocrx_word' id='word_1_224' title='bbox 1495 1438 1678 1481; x_wconf 85' lang='lat' dir='ltr'>dicimus</span> <span class='ocrx_word' id='word_1_225' title='bbox 1736 1440 1930 1482; x_wconf 88' lang='lat' dir='ltr'>omnium</span> 
     </span>
     <span class='ocr_line' id='line_1_58' title="bbox 1129 1510 1928 1553; baseline 0.003 -2"><span class='ocrx_word' id='word_1_226' title='bbox 1129 1510 1275 1551; x_wconf 88' lang='lat' dir='ltr'>auium</span> <span class='ocrx_word' id='word_1_227' title='bbox 1308 1514 1454 1552; x_wconf 80' lang='lat' dir='ltr'>natos:</span> <span class='ocrx_word' id='word_1_228' title='bbox 1488 1511 1561 1552; x_wconf 87' lang='lat' dir='ltr'>sed</span> <span class='ocrx_word' id='word_1_229' title='bbox 1594 1513 1637 1552; x_wconf 90' lang='lat' dir='ltr'>et</span> <span class='ocrx_word' id='word_1_230' title='bbox 1671 1511 1928 1553; x_wconf 88' lang='lat' dir='ltr'>animalium</span> 
     </span>
     <span class='ocr_line' id='line_1_59' title="bbox 1129 1582 1929 1637; baseline 0.001 -14"><span class='ocrx_word' id='word_1_231' title='bbox 1129 1582 1471 1637; x_wconf 82' lang='lat' dir='ltr'>quadrupedium</span> <span class='ocrx_word' id='word_1_232' title='bbox 1534 1582 1735 1624; x_wconf 85' lang='lat' dir='ltr'>dicuntur</span> <span class='ocrx_word' id='word_1_233' title='bbox 1806 1584 1929 1637; x_wconf 88' lang='lat' dir='ltr'>pulli.</span> 
     </span>
     <span class='ocr_line' id='line_1_60' title="bbox 1127 1653 1927 1709; baseline 0 -14"><span class='ocrx_word' id='word_1_234' title='bbox 1127 1653 1344 1709; x_wconf 89' lang='lat' dir='ltr'>homoque</span> <span class='ocrx_word' id='word_1_235' title='bbox 1380 1669 1537 1708; x_wconf 85' lang='lat' dir='ltr'>paruus</span> <span class='ocrx_word' id='word_1_236' title='bbox 1565 1654 1709 1708; x_wconf 89' lang='lat' dir='ltr'>pullus</span> <span class='ocrx_word' id='word_1_237' title='bbox 1738 1657 1816 1696; x_wconf 88' lang='lat' dir='ltr'>est.</span> <span class='ocrx_word' id='word_1_238' title='bbox 1860 1655 1927 1696; x_wconf 91' lang='lat' dir='ltr'>uel</span> 
     </span>
     <span class='ocr_line' id='line_1_61' title="bbox 1128 1725 1928 1780; baseline 0 -13"><span class='ocrx_word' id='word_1_239' title='bbox 1128 1740 1275 1767; x_wconf 88' lang='lat' dir='ltr'>recens</span> <span class='ocrx_word' id='word_1_240' title='bbox 1314 1726 1406 1768; x_wconf 88' lang='lat' dir='ltr'>nati</span> <span class='ocrx_word' id='word_1_241' title='bbox 1444 1725 1554 1780; x_wconf 88' lang='lat' dir='ltr'>pulli</span> <span class='ocrx_word' id='word_1_242' title='bbox 1595 1726 1711 1780; x_wconf 87' lang='lat' dir='ltr'>quod</span> <span class='ocrx_word' id='word_1_243' title='bbox 1743 1726 1928 1780; x_wconf 89' lang='lat' dir='ltr'>pullum:</span> 
     </span>
     <span class='ocr_line' id='line_1_62' title="bbox 1127 1797 1927 1853; baseline 0.003 -15"><span class='ocrx_word' id='word_1_244' title='bbox 1127 1797 1238 1839; x_wconf 87' lang='lat' dir='ltr'>unde</span> <span class='ocrx_word' id='word_1_245' title='bbox 1258 1797 1395 1839; x_wconf 88' lang='lat' dir='ltr'>uestis</span> <span class='ocrx_word' id='word_1_246' title='bbox 1415 1798 1540 1853; x_wconf 79' lang='lat' dir='ltr'>nigra</span> <span class='ocrx_word' id='word_1_247' title='bbox 1565 1798 1684 1852; x_wconf 86' lang='lat' dir='ltr'>pulla</span> <span class='ocrx_word' id='word_1_248' title='bbox 1705 1801 1771 1839; x_wconf 90' lang='lat' dir='ltr'>est</span> <span class='ocrx_word' id='word_1_249' title='bbox 1799 1797 1927 1840; x_wconf 86' lang='lat' dir='ltr'>dicta.</span> 
     </span>
    </p>

    <p class='ocr_par' dir='ltr' id='par_1_42' title="bbox 1068 1869 1859 1923">
     <span class='ocr_line' id='line_1_63' title="bbox 1068 1869 1859 1923; baseline 0.001 -14"><span class='ocrx_word' id='word_1_250' title='bbox 1068 1869 1198 1910; x_wconf 85' lang='lat' dir='ltr'>Pitho</span> <span class='ocrx_word' id='word_1_251' title='bbox 1232 1869 1426 1923; x_wconf 88' lang='lat' dir='ltr'>pithonis</span> <span class='ocrx_word' id='word_1_252' title='bbox 1461 1884 1608 1911; x_wconf 87' lang='lat' dir='ltr'>sacum</span> <span class='ocrx_word' id='word_1_253' title='bbox 1641 1869 1859 1912; x_wconf 86' lang='lat' dir='ltr'>scribitur.</span> 
     </span>
    </p>

    <p class='ocr_par' dir='ltr' id='par_1_43' title="bbox 1066 1939 1926 2210">
     <span class='ocr_line' id='line_1_64' title="bbox 1066 1939 1923 1996; baseline 0.002 -15"><span class='ocrx_word' id='word_1_254' title='bbox 1066 1939 1205 1982; x_wconf 86' lang='lat' dir='ltr'>Pedor</span> <span class='ocrx_word' id='word_1_255' title='bbox 1231 1954 1387 1996; x_wconf 80' lang='lat' dir='ltr'>genere</span> <span class='ocrx_word' id='word_1_256' title='bbox 1415 1941 1652 1982; x_wconf 87' lang='lat' dir='ltr'>masculino</span> <span class='ocrx_word' id='word_1_257' title='bbox 1675 1940 1833 1994; x_wconf 82' lang='lat' dir='ltr'>dicitur</span> <span class='ocrx_word' id='word_1_258' title='bbox 1852 1941 1923 1983; x_wconf 89' lang='lat' dir='ltr'>hic</span> 
     </span>
     <span class='ocr_line' id='line_1_65' title="bbox 1126 2012 1926 2067; baseline 0.001 -14"><span class='ocrx_word' id='word_1_259' title='bbox 1126 2012 1259 2066; x_wconf 84' lang='lat' dir='ltr'>pedor</span> <span class='ocrx_word' id='word_1_260' title='bbox 1310 2015 1353 2054; x_wconf 89' lang='lat' dir='ltr'>et</span> <span class='ocrx_word' id='word_1_261' title='bbox 1397 2012 1442 2053; x_wconf 90' lang='lat' dir='ltr'>hi</span> <span class='ocrx_word' id='word_1_262' title='bbox 1488 2013 1669 2067; x_wconf 88' lang='lat' dir='ltr'>pedores</span> <span class='ocrx_word' id='word_1_263' title='bbox 1719 2028 1808 2054; x_wconf 88' lang='lat' dir='ltr'>non</span> <span class='ocrx_word' id='word_1_264' title='bbox 1851 2028 1926 2067; x_wconf 83' lang='lat' dir='ltr'>‚pe-</span> 
     </span>
     <span class='ocr_line' id='line_1_66' title="bbox 1126 2084 1923 2140; baseline 0 -15"><span class='ocrx_word' id='word_1_265' title='bbox 1126 2084 1242 2126; x_wconf 86' lang='lat' dir='ltr'>dora.</span> <span class='ocrx_word' id='word_1_266' title='bbox 1304 2087 1353 2125; x_wconf 93' lang='lat' dir='ltr'>ut</span> <span class='ocrx_word' id='word_1_267' title='bbox 1392 2084 1572 2126; x_wconf 88' lang='lat' dir='ltr'>lucanus</span> <span class='ocrx_word' id='word_1_268' title='bbox 1605 2085 1846 2140; x_wconf 80' lang='lat' dir='ltr'>longusque</span> <span class='ocrx_word' id='word_1_269' title='bbox 1880 2085 1923 2125; x_wconf 92' lang='lat' dir='ltr'>in</span> 
     </span>
     <span class='ocr_line' id='line_1_67' title="bbox 1125 2156 1469 2210; baseline 0.003 -14"><span class='ocrx_word' id='word_1_270' title='bbox 1125 2169 1293 2197; x_wconf 87' lang='lat' dir='ltr'>carcere</span> <span class='ocrx_word' id='word_1_271' title='bbox 1326 2156 1469 2210; x_wconf 87' lang='lat' dir='ltr'>pedor.</span> 
     </span>
    </p>

    <p class='ocr_par' dir='ltr' id='par_1_44' title="bbox 1064 2226 1978 2354">
     <span class='ocr_line' id='line_1_68' title="bbox 1064 2226 1978 2283; baseline 0.002 -15"><span class='ocrx_word' id='word_1_272' title='bbox 1064 2226 1211 2268; x_wconf 88' lang='lat' dir='ltr'>Putris</span> <span class='ocrx_word' id='word_1_273' title='bbox 1251 2228 1421 2283; x_wconf 80' lang='lat' dir='ltr'>generis</span> <span class='ocrx_word' id='word_1_274' title='bbox 1461 2228 1700 2269; x_wconf 88' lang='lat' dir='ltr'>communis</span> <span class='ocrx_word' id='word_1_275' title='bbox 1743 2230 1809 2269; x_wconf 88' lang='lat' dir='ltr'>est</span> <span class='ocrx_word' id='word_1_276' title='bbox 1853 2228 1923 2270; x_wconf 86' lang='lat' dir='ltr'>hic</span> <span class='ocrx_word' id='word_1_277' title='bbox 1944 2239 1978 2263; x_wconf 44' lang='lat'>*10</span> 
     </span>
     <span class='ocr_line' id='line_1_69' title="bbox 1126 2299 1492 2354; baseline 0.003 -15"><span class='ocrx_word' id='word_1_278' title='bbox 1126 2302 1169 2340; x_wconf 92' lang='lat' dir='ltr'>et</span> <span class='ocrx_word' id='word_1_279' title='bbox 1201 2299 1308 2341; x_wconf 84' lang='lat' dir='ltr'>haec</span> <span class='ocrx_word' id='word_1_280' title='bbox 1340 2299 1492 2354; x_wconf 87' lang='lat' dir='ltr'>putris.</span> 
     </span>
    </p>

    <p class='ocr_par' dir='ltr' id='par_1_45' title="bbox 1065 2369 1922 2425">
     <span class='ocr_line' id='line_1_70' title="bbox 1065 2369 1922 2425; baseline 0.001 -14"><span class='ocrx_word' id='word_1_281' title='bbox 1065 2369 1254 2412; x_wconf 85' lang='lat' dir='ltr'>Pensum</span> <span class='ocrx_word' id='word_1_282' title='bbox 1271 2386 1368 2413; x_wconf 86' lang='lat' dir='ltr'>cum</span> <span class='ocrx_word' id='word_1_283' title='bbox 1383 2385 1446 2412; x_wconf 88' lang='lat' dir='ltr'>.n.</span> <span class='ocrx_word' id='word_1_284' title='bbox 1462 2386 1486 2412; x_wconf 87' lang='lat' dir='ltr'>a</span> <span class='ocrx_word' id='word_1_285' title='bbox 1508 2371 1729 2425; x_wconf 84' lang='lat' dir='ltr'>pendendo</span> <span class='ocrx_word' id='word_1_286' title='bbox 1746 2371 1922 2412; x_wconf 88' lang='lat' dir='ltr'>dictum.</span> 
     </span>
    </p>

    <p class='ocr_par' dir='ltr' id='par_1_46' title="bbox 1065 2441 1922 2783">
     <span class='ocr_line' id='line_1_71' title="bbox 1065 2441 1922 2497; baseline 0.001 -14"><span class='ocrx_word' id='word_1_287' title='bbox 1065 2441 1226 2484; x_wconf 88' lang='lat' dir='ltr'>Pueras</span> <span class='ocrx_word' id='word_1_288' title='bbox 1260 2457 1338 2497; x_wconf 87' lang='lat' dir='ltr'>pro</span> <span class='ocrx_word' id='word_1_289' title='bbox 1367 2443 1522 2497; x_wconf 89' lang='lat' dir='ltr'>puellis</span> <span class='ocrx_word' id='word_1_290' title='bbox 1551 2446 1594 2484; x_wconf 90' lang='lat' dir='ltr'>et</span> <span class='ocrx_word' id='word_1_291' title='bbox 1621 2443 1727 2484; x_wconf 89' lang='lat' dir='ltr'>item</span> <span class='ocrx_word' id='word_1_292' title='bbox 1753 2443 1922 2497; x_wconf 88' lang='lat' dir='ltr'>puellos</span> 
     </span>
     <span class='ocr_line' id='line_1_72' title="bbox 1124 2515 1922 2570; baseline -0.003 -14"><span class='ocrx_word' id='word_1_293' title='bbox 1124 2529 1202 2568; x_wconf 88' lang='lat' dir='ltr'>pro</span> <span class='ocrx_word' id='word_1_294' title='bbox 1241 2515 1387 2569; x_wconf 87' lang='lat' dir='ltr'>pueris</span> <span class='ocrx_word' id='word_1_295' title='bbox 1421 2515 1607 2570; x_wconf 79' lang='lat' dir='ltr'>legimus</span> <span class='ocrx_word' id='word_1_296' title='bbox 1639 2529 1740 2555; x_wconf 91' lang='lat' dir='ltr'>nam</span> <span class='ocrx_word' id='word_1_297' title='bbox 1773 2528 1922 2555; x_wconf 81' lang='lat' dir='ltr'>sexum</span> 
     </span>
     <span class='ocr_line' id='line_1_73' title="bbox 1123 2586 1922 2641; baseline -0.003 -14"><span class='ocrx_word' id='word_1_298' title='bbox 1123 2601 1201 2640; x_wconf 91' lang='lat' dir='ltr'>pro</span> <span class='ocrx_word' id='word_1_299' title='bbox 1235 2601 1340 2628; x_wconf 83' lang='lat' dir='ltr'>sexu</span> <span class='ocrx_word' id='word_1_300' title='bbox 1371 2601 1459 2628; x_wconf 89' lang='lat' dir='ltr'>non</span> <span class='ocrx_word' id='word_1_301' title='bbox 1490 2586 1693 2641; x_wconf 89' lang='lat' dir='ltr'>ponimus</span> <span class='ocrx_word' id='word_1_302' title='bbox 1728 2586 1812 2627; x_wconf 86' lang='lat' dir='ltr'>nisi</span> <span class='ocrx_word' id='word_1_303' title='bbox 1845 2600 1922 2639; x_wconf 84' lang='lat' dir='ltr'>per</span> 
     </span>
     <span class='ocr_line' id='line_1_74' title="bbox 1123 2657 1920 2713; baseline -0.004 -14"><span class='ocrx_word' id='word_1_304' title='bbox 1123 2657 1321 2712; x_wconf 86' lang='lat' dir='ltr'>yroniam</span> <span class='ocrx_word' id='word_1_305' title='bbox 1353 2657 1542 2713; x_wconf 88' lang='lat' dir='ltr'>aliquem</span> <span class='ocrx_word' id='word_1_306' title='bbox 1573 2660 1746 2712; x_wconf 89' lang='lat' dir='ltr'>turpem</span> <span class='ocrx_word' id='word_1_307' title='bbox 1778 2657 1920 2697; x_wconf 84' lang='lat' dir='ltr'>uirum</span> 
     </span>
     <span class='ocr_line' id='line_1_75' title="bbox 1123 2729 1920 2783; baseline -0.003 -13"><span class='ocrx_word' id='word_1_308' title='bbox 1123 2731 1166 2770; x_wconf 91' lang='lat' dir='ltr'>et</span> <span class='ocrx_word' id='word_1_309' title='bbox 1199 2729 1427 2770; x_wconf 87' lang='lat' dir='ltr'>muliebria</span> <span class='ocrx_word' id='word_1_310' title='bbox 1459 2729 1698 2783; x_wconf 87' lang='lat' dir='ltr'>patientem</span> <span class='ocrx_word' id='word_1_311' title='bbox 1738 2742 1815 2782; x_wconf 90' lang='lat' dir='ltr'>per</span> <span class='ocrx_word' id='word_1_312' title='bbox 1840 2742 1920 2782; x_wconf 85' lang='lat' dir='ltr'>pu-</span> 
     </span>
    </p>
   </div>
   <div class='ocr_carea' id='block_1_13' title="bbox 1604 2857 1919 2901">
    <p class='ocr_par' dir='ltr' id='par_1_47' title="bbox 1604 2857 1919 2901">
     <span class='ocr_line' id='line_1_76' title="bbox 1604 2857 1919 2901; baseline 0 -9"><span class='ocrx_word' id='word_1_313' title='bbox 1604 2870 1621 2892; x_wconf 87' lang='lat' dir='ltr'>c</span> <span class='ocrx_word' id='word_1_314' title='bbox 1656 2860 1660 2901; x_wconf 84' lang='grc' dir='ltr'>Ι</span> <span class='ocrx_word' id='word_1_315' title='bbox 1696 2858 1835 2891; x_wconf 78' lang='lat' dir='ltr'>terram</span> <span class='ocrx_word' id='word_1_316' title='bbox 1862 2869 1885 2892; x_wconf 81' lang='lat' dir='ltr'>a</span> <span class='ocrx_word' id='word_1_317' title='bbox 1910 2857 1919 2901; x_wconf 63' lang='lat' dir='ltr'>I}</span> 
     </span>
    </p>
   </div>
   <div class='ocr_carea' id='block_1_14' title="bbox 169 2915 1919 3142">
    <p class='ocr_par' dir='ltr' id='par_1_48' title="bbox 169 2915 1919 3142">
     <span class='ocr_line' id='line_1_77' title="bbox 172 2915 1919 2964; baseline 0 -14"><span class='ocrx_word' id='word_1_318' title='bbox 172 2920 226 2950; x_wconf 89' lang='lat'>16.</span> <span class='ocrx_word' id='word_1_319' title='bbox 253 2915 393 2951; x_wconf 86' lang='lat' dir='ltr'>Planco</span> <span class='ocrx_word' id='word_1_320' title='bbox 421 2918 440 2952; x_wconf 83' lang='lat' dir='ltr'><em>b</em></span> <span class='ocrx_word' id='word_1_321' title='bbox 460 2918 472 2961; x_wconf 78' lang='grc'>11</span> <span class='ocrx_word' id='word_1_322' title='bbox 492 2920 548 2952; x_wconf 78' lang='grc'>17.</span> <span class='ocrx_word' id='word_1_323' title='bbox 567 2917 732 2963; x_wconf 85' lang='lat' dir='ltr'>Plangas</span> <span class='ocrx_word' id='word_1_324' title='bbox 753 2919 817 2954; x_wconf 55' lang='lat' dir='ltr'>Istc</span> <span class='ocrx_word' id='word_1_325' title='bbox 836 2921 847 2964; x_wconf 79' lang='grc' dir='ltr'>ΙΙ</span> <span class='ocrx_word' id='word_1_326' title='bbox 868 2922 923 2953; x_wconf 85' lang='grc'>18.</span> <span class='ocrx_word' id='word_1_327' title='bbox 945 2918 1160 2964; x_wconf 86' lang='lat' dir='ltr'>appolinem</span> <span class='ocrx_word' id='word_1_328' title='bbox 1180 2919 1226 2953; x_wconf 82' lang='lat' dir='ltr'>bc</span> <span class='ocrx_word' id='word_1_329' title='bbox 1246 2919 1256 2961; x_wconf 74' lang='lat' dir='ltr'>ll</span> <span class='ocrx_word' id='word_1_330' title='bbox 1285 2923 1340 2953; x_wconf 75' lang='lat'>21.</span> <span class='ocrx_word' id='word_1_331' title='bbox 1362 2928 1540 2951; x_wconf 89' lang='lat' dir='ltr'>manuum</span> <span class='ocrx_word' id='word_1_332' title='bbox 1560 2927 1649 2952; x_wconf 75' lang='lat' dir='ltr'>corr.</span> <span class='ocrx_word' id='word_1_333' title='bbox 1666 2917 1704 2951; x_wconf 77' lang='lat' dir='ltr'>b²</span> <span class='ocrx_word' id='word_1_334' title='bbox 1724 2918 1735 2961; x_wconf 81' lang='grc' dir='ltr'>ΙΙ</span> <span class='ocrx_word' id='word_1_335' title='bbox 1755 2920 1809 2951; x_wconf 75' lang='lat'>22.</span> <span class='ocrx_word' id='word_1_336' title='bbox 1837 2916 1919 2951; x_wconf 88' lang='lat' dir='ltr'>Pel·</span> 
     </span>
     <span class='ocr_line' id='line_1_78' title="bbox 170 2975 1916 3023; baseline -0.001 -13"><span class='ocrx_word' id='word_1_337' title='bbox 170 2975 300 3010; x_wconf 85' lang='lat' dir='ltr'>lubreo</span> <span class='ocrx_word' id='word_1_338' title='bbox 326 2988 344 3011; x_wconf 85' lang='lat' dir='ltr'>c</span> <span class='ocrx_word' id='word_1_339' title='bbox 380 2978 392 3021; x_wconf 71' lang='lat' dir='ltr'>ss</span> <span class='ocrx_word' id='word_1_340' title='bbox 430 2980 486 3011; x_wconf 83' lang='lat'>23.</span> <span class='ocrx_word' id='word_1_341' title='bbox 514 2976 537 3011; x_wconf 87' lang='lat' dir='ltr'>f.</span> <span class='ocrx_word' id='word_1_342' title='bbox 565 2975 606 3018; x_wconf 83' lang='lat' dir='ltr'>Q.</span> <span class='ocrx_word' id='word_1_343' title='bbox 634 2977 773 3012; x_wconf 81' lang='lat' dir='ltr'>Fabius</span> <span class='ocrx_word' id='word_1_344' title='bbox 798 2977 971 3012; x_wconf 85' lang='lat' dir='ltr'>Eburnus</span> <span class='ocrx_word' id='word_1_345' title='bbox 997 2989 1109 3023; x_wconf 72' lang='lat' dir='ltr'>mary.</span> <span class='ocrx_word' id='word_1_346' title='bbox 1138 2978 1157 3012; x_wconf 85' lang='lat' dir='ltr'><em>b</em></span> <span class='ocrx_word' id='word_1_347' title='bbox 1187 2980 1190 3019; x_wconf 78' lang='lat'>{</span> <span class='ocrx_word' id='word_1_348' title='bbox 1226 2976 1249 3010; x_wconf 87' lang='lat' dir='ltr'>f.</span> <span class='ocrx_word' id='word_1_349' title='bbox 1278 2976 1490 3021; x_wconf 79' lang='lat' dir='ltr'>fulguratus</span> <span class='ocrx_word' id='word_1_350' title='bbox 1517 2977 1557 3010; x_wconf 73' lang='lat' dir='ltr'>in</span> <span class='ocrx_word' id='word_1_351' title='bbox 1582 2988 1694 3022; x_wconf 74' lang='lat' dir='ltr'>mcwy.</span> <span class='ocrx_word' id='word_1_352' title='bbox 1723 2977 1742 3011; x_wconf 87' lang='lat' dir='ltr'>b</span> <span class='ocrx_word' id='word_1_353' title='bbox 1768 2977 1779 3020; x_wconf 70' lang='lat' dir='ltr'>u</span> <span class='ocrx_word' id='word_1_354' title='bbox 1811 2979 1866 3011; x_wconf 76' lang='lat'>24.</span> <span class='ocrx_word' id='word_1_355' title='bbox 1894 2976 1916 3011; x_wconf 87' lang='lat' dir='ltr'>f.</span> 
     </span>
     <span class='ocr_line' id='line_1_79' title="bbox 169 3034 1918 3082; baseline 0 -13"><span class='ocrx_word' id='word_1_356' title='bbox 169 3046 304 3081; x_wconf 84' lang='lat' dir='ltr'>pacere</span> <span class='ocrx_word' id='word_1_357' title='bbox 331 3035 369 3070; x_wconf 73' lang='lat' dir='ltr'>b²</span> <span class='ocrx_word' id='word_1_358' title='bbox 388 3037 400 3081; x_wconf 81' lang='grc' dir='ltr'>ΙΙ</span> <span class='ocrx_word' id='word_1_359' title='bbox 420 3039 475 3071; x_wconf 75' lang='grc'>27.</span> <span class='ocrx_word' id='word_1_360' title='bbox 503 3035 716 3082; x_wconf 88' lang='lat' dir='ltr'>Patiginem</span> <span class='ocrx_word' id='word_1_361' title='bbox 736 3050 759 3072; x_wconf 71' lang='lat' dir='ltr'>a</span> <span class='ocrx_word' id='word_1_362' title='bbox 778 3038 790 3082; x_wconf 76' lang='grc'>11</span> <span class='ocrx_word' id='word_1_363' title='bbox 810 3041 864 3071; x_wconf 77' lang='grc'>28.</span> <span class='ocrx_word' id='word_1_364' title='bbox 891 3036 974 3082; x_wconf 81' lang='lat' dir='ltr'>Poli</span> <span class='ocrx_word' id='word_1_365' title='bbox 1001 3039 1020 3072; x_wconf 84' lang='lat' dir='ltr'><strong><em>b</em></strong></span> <span class='ocrx_word' id='word_1_366' title='bbox 1039 3038 1051 3081; x_wconf 78' lang='grc'>11</span> <span class='ocrx_word' id='word_1_367' title='bbox 1071 3040 1125 3070; x_wconf 81' lang='grc'>29.</span> <span class='ocrx_word' id='word_1_368' title='bbox 1154 3047 1217 3070; x_wconf 88' lang='lat' dir='ltr'>eru</span> <span class='ocrx_word' id='word_1_369' title='bbox 1234 3065 1238 3070; x_wconf 96' lang='lat'>.</span> <span class='ocrx_word' id='word_1_370' title='bbox 1258 3065 1263 3070; x_wconf 94' lang='lat'>.</span> <span class='ocrx_word' id='word_1_371' title='bbox 1292 3047 1310 3070; x_wconf 82' lang='lat' dir='ltr'>c</span> <span class='ocrx_word' id='word_1_372' title='bbox 1329 3037 1340 3080; x_wconf 80' lang='grc' dir='ltr'>Η</span> <span class='ocrx_word' id='word_1_373' title='bbox 1360 3039 1415 3070; x_wconf 81' lang='grc'>32.</span> <span class='ocrx_word' id='word_1_374' title='bbox 1438 3034 1598 3070; x_wconf 87' lang='lat' dir='ltr'>elocutio</span> <span class='ocrx_word' id='word_1_375' title='bbox 1620 3036 1639 3070; x_wconf 88' lang='lat' dir='ltr'>b</span> <span class='ocrx_word' id='word_1_376' title='bbox 1659 3036 1670 3080; x_wconf 83' lang='grc' dir='ltr'>ΙΙ</span> <span class='ocrx_word' id='word_1_377' title='bbox 1690 3039 1745 3070; x_wconf 87' lang='grc'>34,</span> <span class='ocrx_word' id='word_1_378' title='bbox 1768 3035 1869 3069; x_wconf 89' lang='lat' dir='ltr'>corui</span> <span class='ocrx_word' id='word_1_379' title='bbox 1890 3048 1918 3071; x_wconf 84' lang='lat' dir='ltr'>c.</span> 
     </span>
     <span class='ocr_line' id='line_1_80' title="bbox 171 3094 1889 3142; baseline 0 -13"><span class='ocrx_word' id='word_1_380' title='bbox 171 3106 291 3130; x_wconf 87' lang='lat' dir='ltr'>corue-</span> <span class='ocrx_word' id='word_1_381' title='bbox 307 3095 355 3131; x_wconf 52' lang='grc' dir='ltr'>ὀὶ.</span> <span class='ocrx_word' id='word_1_382' title='bbox 389 3094 491 3130; x_wconf 87' lang='lat' dir='ltr'>chori</span> <span class='ocrx_word' id='word_1_383' title='bbox 511 3106 602 3131; x_wconf 79' lang='lat' dir='ltr'>corr.</span> <span class='ocrx_word' id='word_1_384' title='bbox 617 3096 656 3132; x_wconf 80' lang='lat' dir='ltr'>b²</span> <span class='ocrx_word' id='word_1_385' title='bbox 675 3098 687 3141; x_wconf 78' lang='grc' dir='ltr'>ΙΙ</span> <span class='ocrx_word' id='word_1_386' title='bbox 707 3099 762 3131; x_wconf 84' lang='grc'>37.</span> <span class='ocrx_word' id='word_1_387' title='bbox 783 3107 922 3142; x_wconf 87' lang='lat' dir='ltr'>paruus</span> <span class='ocrx_word' id='word_1_388' title='bbox 943 3098 1000 3131; x_wconf 87' lang='lat' dir='ltr'>est</span> <span class='ocrx_word' id='word_1_389' title='bbox 1020 3095 1081 3130; x_wconf 88' lang='lat' dir='ltr'>uel</span> <span class='ocrx_word' id='word_1_390' title='bbox 1101 3107 1125 3130; x_wconf 81' lang='lat' dir='ltr'>a</span> <span class='ocrx_word' id='word_1_391' title='bbox 1143 3096 1154 3140; x_wconf 86' lang='grc' dir='ltr'>ΙΙ</span> <span class='ocrx_word' id='word_1_392' title='bbox 1175 3098 1228 3130; x_wconf 88' lang='grc'>38.</span> <span class='ocrx_word' id='word_1_393' title='bbox 1252 3105 1360 3130; x_wconf 83' lang='lat' dir='ltr'>sac..</span> <span class='ocrx_word' id='word_1_394' title='bbox 1378 3124 1383 3131; x_wconf 95' lang='lat'>.</span> <span class='ocrx_word' id='word_1_395' title='bbox 1403 3124 1409 3131; x_wconf 89' lang='lat'>.</span> <span class='ocrx_word' id='word_1_396' title='bbox 1435 3106 1454 3130; x_wconf 83' lang='lat' dir='ltr'><strong>c</strong></span> <span class='ocrx_word' id='word_1_397' title='bbox 1473 3096 1484 3140; x_wconf 85' lang='grc' dir='ltr'>ΙΙ</span> <span class='ocrx_word' id='word_1_398' title='bbox 1521 3097 1532 3139; x_wconf 79' lang='grc' dir='ltr'><strong>Η</strong></span> <span class='ocrx_word' id='word_1_399' title='bbox 1552 3098 1607 3130; x_wconf 81' lang='grc'>42.</span> <span class='ocrx_word' id='word_1_400' title='bbox 1633 3094 1846 3140; x_wconf 90' lang='lat' dir='ltr'>pacientem</span> <span class='ocrx_word' id='word_1_401' title='bbox 1866 3108 1889 3130; x_wconf 79' lang='lat' dir='ltr'>a</span> 
     </span>
    </p>
   </div>
  </div>
 </body>
</html>
