2216 3402
686 114 917 151 PLACIDVS
944 116 1073 151 LIBRI
1100 117 1393 154 GLOSSARVM

221 224 427 265 continua
490 224 692 266 diuturna
755 225 882 279 plena
944 241 1021 280 per

222 309 370 337 omnes

162 366 422 422 Progeniem
455 368 651 410 subolem

162 437 511 481 Prolictabimini
568 439 729 481 dicitur
782 444 826 482 et
880 441 1020 482 multa

220 510 441 566 significat
479 526 580 552 nam
621 511 776 565 prolici
816 514 883 552 est
927 525 1020 566 per-

220 582 392 623 suaderi
423 583 606 624 uerbum
640 586 786 624 autem
825 582 918 624 eius
952 586 1018 624 est

219 653 438 708 prolector
471 652 538 710 (de
564 652 639 710 (sl.)

160 724 485 767 promtuarium
524 726 750 767 sonantius
788 728 855 767 est
888 740 1017 780 quam

217 796 513 851 promtuarius
570 797 677 838 item
739 797 894 838 melius
951 800 1018 839 est

222 867 522 910 sanctuarium
567 883 696 922 quam
748 869 1018 911 sanctuarius

219 941 359 982 multa
411 941 524 983 enim
570 940 672 982 licet
721 940 882 982 similia
933 941 1020 983 sint

220 1015 367 1054 tamen
401 1012 585 1054 diuersis
620 1013 738 1053 sonis
772 1012 982 1054 seduntur

158 1084 438 1126 promtuaria
464 1083 572 1126 cella
599 1084 759 1130 dicitur
785 1084 826 1125 id
850 1087 916 1126 est
937 1085 1016 1126 cel—

217 1156 377 1197 larium
402 1156 514 1197 unde
539 1155 785 1197 necessaria
813 1171 1016 1210 promun-

161 1220 166 1225 ’
217 1230 290 1269 tur
328 1227 372 1269 id
405 1230 471 1269 est
511 1227 790 1282 proferuntur
823 1231 1015 1270 ceterum

216 1299 312 1354 ipsa
352 1301 500 1341 custos
540 1299 647 1340 bene
681 1298 840 1341 dicitur
876 1315 1017 1355 prom-

220 1371 364 1412 tuaria
397 1371 614 1426 quomodo
649 1370 824 1413 cellaria

122 1452 138 1477 5
160 1441 495 1498 Promulgatum
534 1446 601 1483 est
639 1442 755 1484 foras
797 1443 1017 1498 prolatum

216 1514 287 1556 uel
327 1514 619 1557 constitutum
657 1517 706 1556 ut
750 1515 819 1556 lex
858 1515 1018 1558 dicitur

214 1587 495 1642 promulgata
524 1587 849 1643 permulgatum
870 1591 1017 1630 autem

215 1656 260 1699 in
301 1658 497 1700 omnium
539 1658 745 1700 notitiam
789 1663 833 1701 et
879 1661 1016 1702 totius

214 1729 338 1785 uulgi
370 1730 622 1772 intimatum
934 1732 937 1735 ’

155 1799 360 1843 Pronuba
392 1804 458 1843 est
486 1817 568 1857 que
596 1803 806 1844 nubtibus
839 1803 1016 1858 prehest

215 1872 288 1927 qui
319 1873 533 1916 nubentes
566 1877 753 1929 utroque
786 1875 1013 1931 coniungit

214 1945 329 1999 quod
362 1945 553 1988 officium
593 1946 647 1987 ad
678 1946 884 1988 iunonem
922 1962 1014 2002 per-

213 2015 324 2058 tinet
350 2017 473 2058 deam
500 2018 819 2060 coniunctionis
848 2017 1011 2075 (γίνῃ.)

152 2086 402 2143 Properiter
432 2104 616 2145 propere

158 2158 410 2215 Properiter
443 2161 642 2203 celeriter

159 2230 384 2273 Protelata
417 2233 599 2275 dilatata
632 2231 699 2290 (de
726 2232 800 2290 ql.)

103 2315 135 2339 10
160 2302 386 2345 Protelata
412 2304 457 2346 in
483 2305 664 2361 longum
691 2305 825 2347 missa
859 2303 925 2362 (de
940 2305 1014 2362 ql.)

152 2373 376 2417 Protelata
396 2376 534 2418 dilata
555 2377 628 2431 qui
660 2377 849 2432 aliquem
870 2377 1014 2419 differt

213 2445 281 2503 (de
302 2446 377 2504 φῖ.)

151 2516 358 2560 Protendi
390 2520 565 2574 porrexi

153 2588 361 2632 Protinus
395 2591 651 2633 aduerbium
679 2593 919 2647 temporale
947 2596 1014 2635 est

210 2664 260 2702 ut
293 2677 394 2704 mox
427 2663 634 2705 continuo
669 2664 821 2706 statim

149 2731 437 2776 Pseudomeni
496 2735 699 2777 dicuntur
756 2735 933 2779 fallaces
989 2752 1014 2779 a

1859 122 1916 163 95

1123 220 1251 284 greco
1286 229 1407 284 quire
1440 229 1544 271 mali
1572 244 1701 284 quam
1735 231 1915 272 mentio-

1116 300 1245 342 nibus
1273 304 1486 342 conantur
1513 301 1710 343 adserere
1737 304 1786 342 ut
1812 301 1917 343 dixi-

1119 385 1213 412 mus
1241 372 1292 413 de
1323 371 1598 427 philosophis
1626 373 1700 427 qui
1732 372 1853 414 aiunt
1880 374 1915 415 si

1118 441 1213 484 dico
1247 443 1431 484 mentire
1465 446 1508 484 et
1542 443 1732 485 mentior
1765 459 1916 486 uerum

1117 513 1212 554 (lico

1056 583 1351 627 Pseudeorum
1393 586 1629 640 posticium
1671 587 1715 628 id
1755 590 1822 629 est
1861 588 1917 628 la-
1956 603 1971 627 5

1116 658 1212 698 tens
1247 656 1407 698 ostium
1445 658 1559 712 quod
1599 663 1815 700 semotum
1849 663 1917 700 est

1117 742 1140 768 a
1171 728 1348 782 publico

1056 797 1172 840 Psile
1206 798 1379 841 siccitas

1058 869 1174 911 Psile
1206 870 1302 924 lene

1059 941 1174 983 Psile
1207 957 1366 996 purum

1060 1013 1204 1055 Pubes
1242 1014 1371 1056 modo
1410 1014 1613 1057 iuuentus
1648 1017 1775 1058 modo
1816 1033 1916 1072 pars

1115 1085 1310 1140 corporis
1356 1088 1602 1130 ueneranda
1648 1089 1717 1129 uel
1768 1089 1916 1144 potius

1117 1157 1298 1198 orrenda

1054 1227 1301 1270 Pubescunt
1323 1233 1523 1272 crescunt
1549 1232 1685 1286 pubes
1712 1233 1826 1274 enim
1853 1234 1914 1275 iu-

1116 1303 1272 1343 uentus
1288 1301 1447 1344 dicitur
1464 1317 1546 1357 que
1568 1303 1834 1347 incremento
1851 1308 1918 1347 est

1058 1371 1218 1414 Pueras
1250 1388 1329 1428 pro
1361 1374 1517 1428 puellis
1545 1378 1588 1416 et
1614 1375 1720 1417 item
1746 1377 1916 1431 puellos

1116 1459 1194 1499 pro
1238 1445 1384 1499 pueris
1428 1446 1616 1502 legimus
1667 1463 1768 1489 nam
1813 1464 1914 1490 sexu

1115 1531 1193 1570 pro
1229 1531 1332 1558 sexu
1364 1531 1451 1558 non
1483 1518 1686 1573 ponimus
1720 1520 1804 1561 nisi
1840 1535 1917 1574 per

1115 1588 1333 1629 hironiam
1355 1589 1543 1643 aliquem
1571 1592 1744 1645 turpem
1771 1591 1915 1633 uirum

1117 1662 1160 1701 et
1182 1660 1413 1702 muliebria
1431 1662 1671 1716 patientem
1696 1678 1774 1718 per
1799 1663 1916 1718 puel-

1114 1731 1202 1773 lam
1220 1734 1297 1773 aut
1319 1732 1546 1775 mulierem
1561 1733 1746 1775 uelimus
1761 1738 1914 1776 notare

1055 1802 1208 1859 Pugna
1246 1817 1394 1859 pugna
1432 1807 1498 1845 est
1536 1804 1664 1846 unius
1698 1806 1782 1847 (liei
1820 1821 1915 1861 pre-

1114 1875 1222 1917 lium
1242 1890 1346 1917 uero
1373 1891 1474 1930 pars
1496 1891 1641 1932 pugne
1663 1880 1729 1919 est
1757 1875 1823 1934 (de
1839 1876 1912 1932 (sl.)

1054 1947 1235 2003 Puligor
1254 1947 1527 2003 puligallaris
1552 1949 1796 2004 pugillatur
1822 1964 1914 1990 uer-

1113 2019 1215 2060 bum
1248 2022 1314 2061 est
1346 2020 1564 2075 deponens

1053 2090 1306 2132 Puluinaria
1338 2091 1439 2133 lecti
1475 2092 1603 2134 strati
1639 2091 1704 2148 (cle
1731 2090 1806 2149 ql.)

1055 2161 1267 2204 Puluinus
1289 2165 1332 2204 et
1356 2163 1528 2218 puluini
1555 2164 1725 2220 generis
1750 2179 1915 2206 mascu-

1115 2233 1194 2275 lini
1225 2238 1383 2276 neutro
1416 2235 1498 2278 hoc
1536 2236 1740 2290 puluinar
1777 2237 1914 2291 pului-

1114 2305 1238 2347 naria
1259 2305 1332 2347 sed
1356 2307 1562 2361 puluinus
1586 2308 1751 2363 priuati
1777 2308 1916 2350 homi-

1112 2377 1179 2418 nis
1211 2377 1401 2420 ceruicul
1428 2379 1498 2421 uel
1526 2379 1686 2421 culcita
1711 2380 1914 2434 puluinar

1112 2464 1216 2490 uero
1255 2449 1336 2492 hac
1382 2451 1631 2506 puluinaria
1667 2451 1913 2507 principum

1113 2524 1215 2563 sunt
1241 2521 1312 2563 uel
1344 2537 1498 2578 regum
1529 2522 1572 2564 id
1602 2526 1669 2564 est
1700 2523 1911 2565 lectister-

1111 2593 1291 2648 nitaque
1319 2594 1627 2635 sternebantur
1658 2594 1704 2636 in
1736 2595 1912 2650 templis

1052 2665 1228 2707 Pullum
1272 2680 1456 2720 puerum
1500 2665 1546 2707 in
1584 2665 1830 2707 armoribus
1870 2665 1914 2707 id

1113 2740 1180 2779 est
1236 2737 1435 2779 rectioris
1494 2738 1567 2792 qui
1623 2752 1743 2779 rome
1802 2737 1913 2779 unde

246 2866 277 2897 1.
311 2862 479 2897 sobolem
504 2875 548 2898 esc
575 2864 743 2898 subolem
771 2876 861 2900 corr.
882 2867 893 2911 ΙΙ
920 2870 951 2901 2.
978 2866 1143 2912 proletor
1168 2877 1212 2901 ea:
1237 2865 1424 2911 prolector
1450 2878 1541 2902 corr.
1572 2868 1583 2911 ΙΙ
1610 2871 1641 2902 3.
1671 2867 1870 2902 sonancius
1903 2867 1906 2915 Ι

151 2921 432 2966 promptuarius
464 2924 475 2967 ΙΙ
513 2926 544 2958 4.
573 2924 699 2957 custus
725 2925 736 2969 ΙΙ
768 2928 800 2959 5.
827 2924 1008 2959 noticiam
1043 2928 1047 2969 Ι
1076 2925 1196 2960 tocius
1229 2927 1241 2970 ΙΙ
1273 2929 1304 2961 6.
1331 2926 1561 2961 nubentibus
1591 2929 1595 2971 Ι
1624 2928 1775 2972 praeest
1806 2932 1810 2970 Ι
1839 2939 1910 2972 que

156 2993 200 3016 ew
226 2980 291 3026 qui
316 2993 408 3017 corr.
434 2982 446 3027 ΙΙ
473 2985 527 3018 11.
555 2981 759 3027 aliquando
786 2995 830 3019 επ
859 2983 1024 3029 aliquem
1051 2997 1141 3021 corr.
1169 2987 1180 3030 ΙΙ
1216 2989 1267 3021 14,
1297 2985 1389 3020 doco
1415 2988 1427 3031 ΙΙ
1453 2989 1508 3020 19.
1535 2986 1665 3031 pocius
1690 2988 1702 3032 ΙΙ
1733 2991 1776 3021 21
1804 2987 1913 3032 hyro-

153 3040 257 3075 niam
279 3041 283 3086 Ι
305 3039 519 3086 pacientem
542 3044 546 3086 Ι
574 3053 640 3088 per
665 3054 709 3078 ex
733 3054 801 3088 pro
827 3054 917 3079 corr.
945 3045 957 3088 ΙΙ
983 3047 1038 3080 22.
1065 3044 1251 3089 proelium
1276 3047 1287 3090 ΙΙ
1314 3048 1369 3080 25.
1398 3045 1561 3080 ceruical
1584 3048 1588 3090 Ι
1611 3045 1650 3080 id
1677 3047 1750 3093 est]
1777 3046 1877 3082 idem
1906 3048 1910 3095 Ι

151 3100 462 3145 lectisterniaque
489 3113 533 3136 ex
558 3100 885 3147 lectisternitaque
912 3114 1003 3139 corr.
1030 3106 1041 3149 ΙΙ
1068 3107 1123 3140 26.
1150 3103 1358 3139 minoribus
1381 3107 1386 3149 Ι
1408 3105 1447 3139 id
1473 3105 1546 3151 est]
1574 3104 1673 3140 idem
1697 3108 1701 3151 Ι

1935 1250 1968 1273 20

1936 2182 1970 2208 25
