2221 3490
243 168 328 209 622

243 275 526 331 Officiperclus
560 279 627 317 est
660 276 858 331 ingratus

243 347 414 402 Obrepo
450 350 516 388 est
547 348 738 388 latenter
770 347 939 388 introeo

244 419 479 461 Omentum
512 421 578 460 est
609 418 825 460 tomatula

244 491 422 545 Opendo
457 493 524 532 est
557 490 704 544 aperio

174 592 177 595 -
206 574 221 597 5
243 561 468 603 Ostorium

302 637 484 688 equatur

537 561 705 617 lignum
771 575 859 615 ‚quo
929 560 1098 602 modius

242 704 477 746 Oruculum
510 707 577 746 est
610 704 963 759 propitiatorium

244 777 403 819 Omnes
455 792 556 818 aues
612 776 756 818 oscine
813 776 926 817 idest
977 776 1098 829 tarde

302 848 413 889 male
448 851 549 889 sunt
582 851 809 903 praepetes
842 862 944 889 uero
978 848 1089 889 bone

245 920 414 961 Odorus
436 922 501 961 est
523 920 596 974 qui
623 920 667 960 in
694 934 737 961 se
764 919 897 960 habet
924 920 1100 961 odorem

244 991 459 1033 Odoratus
493 989 565 1046 qui
598 990 769 1032 aliunde
802 990 961 1046 accipit

191 1074 223 1098 10
245 1062 503 1105 Odorisecus
526 1065 592 1104 est
610 1063 684 1117 qui
707 1062 904 1117 sequitur
926 1062 1101 1104 odorem

303 1138 351 1177 ut
383 1135 543 1176 animal

250 1207 389 1249 Obiex
423 1207 576 1248 obiicis
609 1206 809 1261 pessulus

246 1279 352 1320 Olor
385 1280 451 1320 est
490 1278 641 1334 cignus
681 1278 782 1320 hinc
817 1277 977 1319 olotizo
1014 1292 1101 1319 mo-

305 1365 396 1392 rem
432 1348 563 1391 oloris
598 1364 680 1405 ago
713 1349 815 1391 hinc

246 1421 454 1477 Ologoria
486 1424 552 1462 est
579 1421 737 1462 iniuria

247 1565 410 1620 Perpes
444 1568 510 1607 est
542 1567 778 1619 perpetuus

196 1646 227 1672 15
246 1637 467 1692 Perpetim
499 1635 812 1692 perpetualiter

247 1709 394 1764 Pupus
428 1711 494 1750 est
524 1723 632 1763 puer
663 1708 732 1750 uel
766 1709 964 1750 alumnus

248 1780 528 1835 Propolarius
545 1782 611 1821 est
630 1780 830 1834 publicus
852 1780 1103 1836 negotiator

248 1853 457 1894 Puluinar
502 1854 568 1894 est
612 1853 751 1893 lectus
797 1852 982 1893 diuitum
1033 1852 1103 1894 uel

310 1924 493 1979 capitale
526 1924 594 1965 uel
623 1924 781 1965 culcita
805 1923 886 1965 uelv
906 1923 1026 1965 locus
1059 1923 1105 1964 in

308 1996 472 2050 templo
506 1995 580 2037 ubi
614 1996 858 2037 sacerdotes
895 1995 1104 2037 sedebant

309 2067 379 2109 uel
411 2082 478 2109 res
512 2081 633 2108 sacra

252 2140 450 2181 Proficua
483 2138 649 2193 optima

197 2211 478 2253 20Perib01us
513 2213 579 2252 est
613 2225 759 2268 murus
793 2210 1060 2252 extrinsecus

251 2283 370 2325 Pixis
405 2285 470 2325 est
501 2282 629 2324 bosta

251 2354 435 2410 Popinio
469 2356 536 2396 est
569 2354 718 2395 ambro

255 2426 534 2467 Poliandrum
568 2425 830 2466 cimiterium
863 2425 1089 2480 puplicum

252 2497 456 2552 Planipes
491 2499 556 2538 est
589 2496 804 2538 ioculator

200 2578 234 2603 τῦ
254 2568 467 2610 Pecuatus
501 2570 568 2609 est
600 2567 669 2609 fur
702 2568 846 2609 (lerem
878 2568 1053 2623 puplica

254 2641 425 2696 Pupupi
445 2632 525 2681 ’031
558 2639 802 2681 interiectio
837 2639 1024 2681 dolentis

254 2711 385 2753 Pusio
420 2714 486 2753 est
518 2711 661 2752 infans

255 2783 567 2825 Pedamentum
601 2786 667 2824 est
699 2783 986 2838 ligamentum

257 2853 473 2909 Pugilaris
508 2857 574 2896 est
606 2855 818 2896 manualis
859 2855 1010 2896 tabula
1042 2854 1111 2895 uel

318 2925 443 2967 3111113

204 3006 238 3029 30
259 2996 484 3052 Pugilares
519 3000 620 3039 sunt
652 2997 820 3039 romani
853 2996 1036 3038 milites⁴

713 166 969 200 EXCERPTA
994 165 1059 200 EX
1087 164 1278 200 GLOSSIS
1305 164 1529 198 AYNARDI

1137 273 1344 315 Proceres
1378 276 1480 314 sunt
1513 273 1658 327 capita
1690 272 1885 314 tribuum

1136 343 1215 386 Pio
1248 344 1391 400 pionis
1425 344 1634 386 insidians

1137 416 1338 470 Pytisma
1364 419 1431 458 est
1464 415 1671 472 mastigia
1700 418 1749 457 ut
1780 415 1993 457 iuuenalis

1198 488 1304 530 dicit

1136 559 1258 614 Popa
1289 560 1433 615 imago
1466 559 1708 614 puellarum
2013 570 2049 597 35

1138 630 1500 685 Perpendiculum
1533 634 1600 673 est
1638 631 1790 687 regula
1829 645 1992 672 cemen-

1197 703 1410 744 tariorum

1138 773 1285 828 Pappa
1317 774 1386 815 uel
1418 774 1582 829 papilla
1614 777 1681 815 est
1715 789 1904 816 mamma

1137 845 1353 887 Putamen
1380 849 1446 887 est
1478 848 1626 888 cortex
1657 845 1781 888 nucis

1138 916 1376 959 Pseudolus
1409 920 1475 959 est
1507 917 1644 959 falsus

1138 988 1282 1044 Piplia
1314 992 1381 1031 est
1414 1004 1538 1030 musa
2016 1002 2051 1026 40

1140 1060 1315 1102 Postica
1330 1063 1396 1102 est
1412 1061 1573 1102 ostium
1589 1060 1752 1102 ostium
1766 1061 1887 1102 iuxta
1900 1075 1997 1115 por—

1201 1135 1292 1174 tam
1325 1133 1458 1188 longa
1491 1132 1526 1173 ti
1559 1133 1673 1174 idem
1701 1135 1767 1174 est
1795 1135 1837 1174 et
1864 1132 1997 1187 posti-

1202 1219 1299 1245 cum
1331 1207 1487 1245 neutro
1520 1218 1676 1259 genere
1705 1204 1819 1258 quod
1850 1204 2000 1245 seudo-

1200 1276 1341 1316 tinum
1368 1275 1528 1317 dicitur
1555 1289 1708 1331 graece
1731 1275 1997 1317 aseducendo

1199 1347 1300 1389 hinc
1358 1346 1527 1388 ouidius
1585 1347 1697 1388 atria
1753 1349 1998 1389 seruantem

1199 1419 1370 1473 postico
1404 1418 1506 1459 falle
1540 1418 1743 1460 clientem

1139 1489 1324 1531 Porfiria
1370 1493 1471 1531 30111
1515 1505 1707 1546 purpura
1751 1490 1853 1532 hinc
1898 1504 1999 1544 por-

1200 1562 1368 1603 firetica
1395 1565 1495 1603 sunt
1516 1562 1757 1604 rubicunda
1780 1576 2000 1603 marmora

1141 1632 1260 1674 Pauo
1287 1634 1356 1675 uel
1379 1634 1587 1676 solarium
1612 1634 1724 1676 solet
1750 1648 1829 1688 pro
1851 1632 2000 1674 uolun-

1201 1707 1293 1746 tate
1327 1706 1429 1760 poni
1461 1706 1531 1747 uel
1565 1708 1632 1747 est
1665 1719 1802 1761 genus
1836 1704 1970 1746 curtis

1141 1775 1443 1819 Pantomimus
1466 1777 1625 1819 dicitur
1649 1779 1769 1819 totus
1797 1775 2001 1818 iocularis

1141 1847 1299 1890 Petaso
1332 1848 1399 1890 nis
1427 1851 1493 1891 est
1524 1849 1707 1891 linteum
1735 1862 1819 1903 quo
1857 1847 1999 1889 solent
2019 1861 2053 1885 45

1203 1920 1404 1962 mulieres
1437 1924 1554 1962 retro
1589 1920 1757 1975 accingi

1143 1991 1329 2046 Papates
1367 1994 1432 2033 set
1463 1992 1717 2047 pedagogus

1142 2063 1451 2118 Prepediculus
1473 2066 1539 2105 est
1558 2078 1727 2118 pannus
1744 2077 1829 2117 quo
1853 2065 2003 2118 tegun-

1207 2137 1280 2176 tur
1311 2136 1499 2176 uerenda
1530 2135 1758 2176 hominum

1145 2206 1308 2247 Pistrix
1341 2205 1534 2261 pistricis
1566 2208 1633 2247 est
1666 2206 1794 2247 belua
1824 2207 1844 2225 ⁹

1144 2277 1303 2319 Pistris
1336 2277 1485 2332 pistris
1519 2279 1584 2319 est
1615 2277 1740 2318 nauis

1145 2348 1499 2391 Paracaraximus
1552 2351 1618 2390 est
1669 2349 1805 2390 falsus
1854 2363 2001 2390 mone-
2022 2360 2057 2386 50

1211 2421 1348 2462 tarius

1146 2492 1326 2547 Pilopus
1360 2497 1426 2535 est
1459 2495 1729 2536 esmauldum

1148 2564 1350 2606 Palatum
1389 2568 1455 2606 est
1492 2566 1834 2607 instrumentum
1873 2564 2006 2619 pisto-

1210 2652 1305 2678 rum
1357 2651 1442 2691 quo
1494 2639 1735 2679 tunduntur
1788 2636 2007 2677 frumenta

1209 2709 1253 2750 in
1286 2708 1376 2763 pila

1152 2850 1390 2907 Questiono
1425 2855 1491 2893 est
1523 2851 1726 2906 perquiro

1154 2922 1484 2972 Questionarius
1513 2923 1708 2977 quesitor
1735 2920 1810 2976 qui
1835 2922 2007 2976 praeest

1211 2994 1508 3049 praeficiendis
1543 2993 1843 3049 questionibus

260 3068 398 3122 Pulpa
424 3072 490 3110 est
521 3083 620 3110 caro
648 3069 944 3123 particulatim
975 3068 1115 3109 diuisa
1152 3065 1262 3115 Quid
1307 3066 1407 3107 istic
1452 3066 1532 3107 sub
1583 3079 1668 3106 uno
1714 3066 1893 3106 accentu
1939 3064 2005 3104 031
2027 3073 2061 3099 55

320 3140 387 3181 uel
415 3155 491 3182 1100
518 3141 626 3181 bene
662 3140 833 3196 pinguis
860 3155 938 3183 nec
968 3154 1114 3182 macra

1212 3138 1408 3193 profecto
1442 3137 1511 3178 uel
1546 3136 1720 3179 omnino
