2216 3402
212 136 268 178 84

269 263 383 289 nunc
414 249 598 288 utuntur
629 259 680 286 ex
711 257 798 285 uno
832 243 968 284 latere
1001 243 1068 284 de-

270 319 461 374 pendens

210 391 419 434 Menenca
463 390 508 431 in
546 387 723 430 cerebro
769 387 1021 428 membrana
1034 385 1066 443 1)

271 464 454 519 quedam
486 460 555 502 uel
588 473 688 514 pars
717 458 882 501 cerebri
909 461 976 499 est
1002 461 1070 499 est

271 537 416 576 autem
449 547 629 589 grecum

210 605 371 648 Mentis
411 603 656 660 genitibum
695 617 844 645 casum
881 615 960 657 pro
992 615 1066 642 no-

270 677 485 719 minatiuo
516 675 666 731 posuit
693 674 843 716 debuit
869 673 983 715 enim
1010 673 1068 714 di-

271 765 365 792 cere
399 763 519 791 mens

211 821 386 864 Mentor
415 820 622 862 inuentor

210 893 401 936 Meotide
432 892 558 948 palus
592 891 766 934 scistiae

178 981 193 1005 5
213 965 403 1022 Mergier
435 963 576 1019 mergi

213 1037 447 1079 Meriorem
485 1039 660 1090 turpem
692 1034 762 1076 uel
795 1033 1071 1076 temeriorem

271 1112 450 1165 propter
481 1107 706 1149 feditatem

214 1181 496 1223 Meritissime
526 1178 779 1235 dignissime
813 1178 972 1234 gradus
1007 1192 1073 1219 su-

272 1252 513 1309 perlatiuus

211 1324 429 1367 Metasora
490 1323 613 1366 uerbi
669 1324 881 1378 usurpata
936 1324 1073 1364 trans-

273 1397 441 1454 gressio

213 1469 499 1512 Meticulosus
531 1467 786 1510 metuendus

161 1557 194 1581 ιο
214 1541 407 1583 Metuere
469 1540 712 1582 timuerunt
775 1540 819 1579 et
881 1539 1073 1578 metuere

275 1615 421 1655 autem
450 1612 605 1654 timere
631 1611 715 1653 hoc
741 1623 842 1651 uere
869 1610 1074 1651 accentus

274 1684 508 1740 distinguit
540 1682 607 1739 (de
634 1680 708 1738 ql.)

214 1756 386 1798 Milium
419 1770 556 1812 genus
590 1753 745 1796 semini
777 1753 937 1795 minuti
968 1753 1017 1812 cpi

214 1828 483 1870 Minacotum
516 1827 606 1870 acie
639 1841 726 1868 uox
758 1822 877 1882 (om.)

214 1900 407 1942 Minatus
439 1899 706 1941 rubicundus

215 1971 412 2014 Minitari
433 1974 499 2013 est
524 1969 655 2013 alicui
680 1970 833 2025 plagas
860 1967 931 2010 uel
951 1968 1075 2010 cedes

277 2043 434 2086 minari
467 2041 535 2100 (de
561 2041 637 2098 91.)

162 2129 197 2155 15
216 2115 451 2159 Miscillani
484 2115 735 2157 conmixtan
769 2111 925 2171 (Vm-9.)

217 2187 397 2230 Miscius
429 2201 590 2229 nomen
622 2187 746 2228 fluuii

217 2259 349 2301 Multi
379 2259 521 2301 facere
555 2258 835 2314 magnificare

218 2331 461 2373 Multifaria
494 2329 732 2384 multifarie
766 2327 1077 2370 aduerbialiter

278 2406 511 2457 utrumque
546 2401 729 2444 dicimus
761 2401 870 2443 bene

218 2473 432 2515 Multifico
470 2473 721 2528 frequenter
759 2472 927 2514 mulceo
971 2471 1077 2512 mul-

280 2560 373 2587 cere
406 2545 521 2587 enim
554 2545 751 2587 blandire
784 2546 851 2586 est
881 2543 952 2585 uel
985 2558 1077 2585 uer-

731 132 966 169 PLACIDVS
992 131 1123 167 LIBRI
1150 129 1443 168 GLOSSARVM

1164 242 1232 283 bis
1277 240 1448 283 blandis
1493 240 1673 282 delinire
1724 240 1917 281 animum
1929 237 1963 294 2)

1164 313 1397 356 translatio
1436 328 1467 356 a·
1502 312 1643 354 mulso
1682 312 1796 354 idest
1834 312 1963 354 melle

1167 385 1281 440 quod
1308 387 1534 440 acceptum
1566 383 1693 425 linire
1719 383 1866 426 fauces
1893 383 1964 425 do-

1166 457 1304 499 lentes
1331 459 1407 498 aut
1431 456 1656 512 opplectus
1679 455 1855 497 ordidus
1879 458 1966 497 sto-

1166 544 1338 571 macum
1371 529 1482 570 solet

1107 600 1299 655 Multitie
1372 601 1531 655 quibus

1165 673 1343 729 fungior

1107 744 1256 787 Munia
1295 744 1463 786 tributa
1500 758 1680 786 munera
1718 744 1788 786 uel
1822 743 1967 786 officia

1166 817 1237 859 uel
1262 817 1618 859 consuetudinem
1645 816 1716 857 uel
1741 831 1869 858 usum
1894 816 1967 858 ha-

1167 889 1242 931 bet
1263 903 1415 931 sensus
1441 888 1632 930 nominis
1654 903 1705 930 ex
1731 891 1854 943 parte
1875 887 1967 943 ipse

1838 599 1965 642 uideo

1987 657 2021 682 20

1598 599 1771 655 prouidi

1169 961 1227 1003 sit
1279 975 1420 1002 sermo
1472 960 1606 1007 animi
1652 959 1767 1001 enim
1812 975 1837 1001 a
1881 974 1967 1014 quo

1169 1032 1276 1074 dicti
1301 1035 1404 1074 sunt
1430 1031 1667 1074 ammanite
1687 1033 1872 1074 uocatur
1897 1046 1970 1087 po-

1170 1104 1298 1160 pulus
1332 1119 1452 1146 meus
1487 1101 1646 1161 (Vm-9.)

1110 1176 1357 1218 Moenicare
1390 1176 1709 1218 communicare
1748 1175 1913 1218 dictum
1945 1192 1971 1218 a

1170 1248 1336 1290 moenis
1369 1248 1413 1290 id
1446 1251 1513 1290 est
1545 1247 1749 1303 operibus
1782 1246 1850 1305 (de
1876 1245 1952 1304 ιᾳῐ.)

1111 1319 1270 1363 Molari
1303 1319 1460 1376 exiguo
1489 1334 1591 1362 saxo
1625 1319 1750 1361 breui
1780 1319 1852 1362 uel
1883 1334 1971 1362 mo-

1172 1392 1267 1435 dico

1112 1463 1278 1506 Molliri
1310 1463 1458 1506 conari
1491 1459 1558 1506 e'st
1584 1466 1628 1505 et
1661 1463 1825 1518 aliquid
1859 1477 1971 1506 com-

1172 1550 1296 1578 mora
1329 1550 1456 1592 agere

1112 1607 1356 1650 Molocrum
1412 1608 1614 1649 morbum
1667 1622 1795 1662 quem
1852 1607 1969 1663 greci

1172 1679 1327 1721 milion
1359 1679 1512 1721 dicunt
1993 1665 2026 1690 2⁵

1112 1750 1345 1793 Monachia
1375 1751 1504 1792 unius
1537 1750 1805 1806 principatus

1114 1822 1445 1865 Monoscoticon
1477 1837 1586 1877 opus
1618 1822 1747 1864 unius
1779 1822 1896 1865 uersi

1114 1894 1401 1937 Monumenta
1410 1895 1647 1950 posteritas
1660 1893 1868 1936 memorie
1877 1908 1974 1936 con-

1174 1967 1319 2008 tinens
1352 1966 1423 2008 uel
1455 1966 1663 2008 memorie
1696 1966 1895 2022 signatos

1114 2038 1448 2081 Monumentum
1469 2037 1749 2093 sepulchrum
1770 2037 1862 2079 siue
1889 2052 1975 2080 me-

1176 2110 1359 2152 moriam
1374 2109 1489 2164 quod
1508 2109 1605 2151 ideo
1621 2109 1889 2164 appellatum
1909 2112 1976 2151 est

1175 2183 1507 2224 monumentum
1523 2181 1576 2222 ab
1593 2195 1642 2222 eo
1665 2181 1780 2236 quod
1800 2184 1976 2223 moneat

1174 2256 1365 2294 mentem
1399 2255 1443 2294 et
1475 2253 1730 2294 memoriam
1761 2252 1936 2308 ingerat

1116 2325 1309 2381 Moragis
1341 2324 1525 2366 nucibus
1558 2324 1703 2380 longis

1114 2396 1294 2438 Mol-alis
1329 2395 1488 2438 dicitur
1528 2396 1668 2438 omnis
1707 2398 1861 2437 auctor
1900 2394 1974 2450 qui
1995 2392 2030 2417 3⁰

1175 2483 1243 2510 res
1289 2468 1314 2510 i.
1360 2467 1414 2509 ab
1466 2470 1534 2510 tas
1579 2470 1623 2509 et
1668 2465 1975 2509 conuenientes

1175 2540 1372 2582 moribus
1406 2539 1584 2581 scribsit

317 2666 352 2709 1)
383 2675 427 2699 ex
453 2673 610 2698 mecana
635 2674 727 2698 corr.
754 2663 839 2697 m.2
869 2662 881 2704 11
912 2662 948 2706 2)
982 2671 1004 2694 a
1030 2671 1074 2695 eac
1100 2670 1125 2693 u
1150 2670 1195 2694 m.
1211 2662 1236 2694 2
1268 2660 1280 2703 ΙΙ

319 2775 348 2806 1.
375 2771 532 2806 Meneca
555 2776 558 2811 ῑ
588 2769 822 2804 cerebrorum
845 2769 849 2813 Ι
878 2768 936 2801 est
956 2771 1088 2812 poster.

1117 2778 1183 2801 om.
1215 2767 1227 2810 ΙΙ
1259 2768 1291 2800 4.
1319 2763 1475 2799 scisciae
1501 2775 1546 2798 m.
1564 2768 1594 2807 1,
1623 2762 1782 2798 scithiae
1808 2766 1892 2798 m.4
1918 2763 1975 2808 (ut

220 2832 309 2875 vid.)
339 2833 350 2875 ΙΙ
383 2834 414 2865 6.
441 2829 663 2864 timii-iorem
688 2840 733 2863 m.
749 2832 782 2873 1,
808 2826 1038 2862 timidiorem
1063 2828 1145 2861 m.4
1171 2826 1228 2870 (ut
1252 2824 1340 2870 vid.)
1372 2825 1384 2869 ΙΙ
1417 2826 1447 2858 7.
1482 2833 1593 2868 super
1617 2821 1759 2857 latiuus
1791 2825 1803 2868 ΙΙ
1837 2826 1891 2858 11.
1919 2832 1974 2857 se-

223 2889 331 2923 minis
364 2901 407 2925 eas
440 2888 573 2925 semini
599 2900 690 2924 corr.
729 2889 740 2932 ll
779 2891 833 2923 12.
862 2885 983 2921 aciaei
1008 2897 1052 2921 ea:
1088 2884 1193 2919 aciae
1220 2895 1311 2919 corr.
1353 2885 1358 2928 l
1397 2881 1481 2918 isid.
1508 2884 1584 2919 cod.
1623 2885 1634 2928 ss
1674 2885 1728 2918 13.
1755 2881 1938 2916 Miniatus
1968 2881 1972 2928 l

225 2952 278 2983 15.
306 2948 549 2984 commixticii
572 2951 576 2993 Ι
598 2947 694 2994 plac
722 2948 798 2983 cod.
819 2949 831 2992 ll
858 2950 912 2982 16.
938 2944 1046 2981 fluuii
1070 2956 1114 2980 em
1139 2943 1246 2978 flubii
1271 2955 1362 2979 corr.
1383 2944 1395 2988 ΙΙ
1421 2945 1476 2978 19.
1503 2941 1709 2977 translacio
1732 2942 1738 2987 1
1761 2940 1938 2987 opplectu
1965 2942 1975 2986 {l

223 3012 278 3042 21.
305 3009 391 3043 haec
419 3010 465 3054 yl.
487 3010 593 3052 deest,
620 3008 773 3043 dimidio
797 3007 888 3050 folio
914 3007 989 3042 cod.
1018 3005 1173 3040 abscisso
1204 3006 1216 3048 ΙΙ
1247 3008 1303 3039 22.
1329 3001 1543 3052 Moenicare
1569 3014 1613 3038 ex
1633 3000 1823 3036 Moeniare
1849 3011 1940 3036 corr.
1968 2999 1973 3047 Ι

224 3078 246 3102 a
271 3078 353 3102 moe
385 3071 396 3113 1}
427 3071 483 3102 23.
510 3067 618 3102 brebi
649 3069 661 3112 11
693 3070 748 3102 24.
782 3078 866 3101 cum
891 3077 996 3100 mora
1027 3066 1038 3108 ΙΙ
1070 3067 1126 3099 25.
1153 3062 1294 3106 molion
1325 3065 1337 3108 ΙΙ
1369 3065 1424 3097 26.
1458 3053 1678 3096 Monarchia
1704 3073 1748 3096 ea:
1773 3058 1975 3095 Monachia

222 3138 313 3163 corr.
345 3129 358 3173 ΙΙ
389 3130 445 3162 27.
472 3138 600 3161 uersus
636 3128 641 3173 Ι
675 3130 731 3162 29,
760 3125 971 3171 sepulcrum
1003 3127 1015 3169 ΙΙ
1046 3128 1101 3159 31.
1129 3123 1142 3157 i
1168 3134 1234 3158 om.
1271 3124 1276 3168 Ι
1312 3120 1443 3157 scribit
1467 3122 1479 3166 ΙΙ
