2216 3402
184 952 216 976 10

95 1312 225 1347 fol.20r

184 1384 216 1410 15

184 1826 218 1851 20

186 2330 220 2355 25

187 2762 221 2787 30

770 109 1005 146 PLACIDVS
1032 109 1217 146 CODICIS
1243 109 1455 145 PARISINI
1903 108 1983 149 151

234 221 369 264 Soffia
391 255 398 263 .
420 220 633 277 sapientia
1131 219 1289 276 Sospes
1311 254 1318 262 .
1339 219 1569 262 incolomis

236 293 454 336 Soffistice
476 326 484 335 .
506 295 650 335 astute
671 326 680 335 .
701 294 777 334 aut
810 292 1004 348 captiose
1131 292 1329 349 Sospitat
1349 326 1357 334 .
1379 292 1542 334 salutat

237 365 423 408 Sofisma
450 399 457 407 .
486 367 735 408 comentum
775 365 845 407 uel
888 365 1090 407 confictio
1129 364 1272 407 *Solis
1300 397 1308 406 .
1339 363 1474 406 solius
1506 397 1513 405 .
1545 363 1715 405 solum.
1738 361 1828 404 sole
1859 396 1866 403 .
1895 362 1987 404 solo
2008 374 2042 400 35

294 440 369 480 aut
393 438 740 494 figmentumeo
769 437 883 492 quod
912 436 1094 493 fingitur
1191 435 1297 479 facit
1329 450 1406 490 per
1438 437 1532 477 offis

236 510 438 553 Sofistica
459 544 466 552 .
487 510 797 565 argumentosa
835 509 904 550 uel
938 508 1094 550 callida
1131 506 1456 551 *Soriticaars
1489 509 1556 549 est
1584 506 1653 548 uel
1682 507 1989 562 argumentum

236 581 398 625 Sofista
418 615 426 624 .
449 581 620 637 sapiens
1190 576 1549 635 filosophorum2)

237 653 440 696 Sofistica
459 685 468 694 .
488 651 676 694 filosofia
1133 652 1293 695 ²³²Soros
1315 684 1324 694 .
1346 666 1471 708 grece
1500 685 1507 693 .
1537 665 1741 693 aceruum
1786 648 1944 691 dicitur
1982 683 1991 692 .

237 725 443 769 Solabere
464 757 472 766 .
495 723 705 766 solaberis
728 757 734 765 .
758 725 1052 768 consolaberis
1195 725 1318 767 aiunt
1351 722 1550 766 enim.in
1579 722 1663 764 hoc
1697 737 1851 764 aceruo
1883 724 1992 777 puta

237 797 399 841 Sollers
423 832 429 838 .
451 796 617 851 peritus
1192 794 1401 838 frumenti
1427 829 1434 837 .
1467 794 1503 836 si
1549 792 1761 835 addideris
1808 808 1992 850 granum

238 868 445 913 Sollertia
467 903 474 909 .
496 868 746 910 sollicitudo
1194 883 1328 910 unum
1350 900 1359 909 .
1380 869 1424 909 et
1457 865 1590 908 alium
1614 899 1620 906 .
1642 868 1685 906 et
1715 865 1894 908 tertium
1928 881 1993 908 ca-

238 940 386 984 Solida
407 975 414 983 .
436 940 562 982 firma
593 940 663 982 uel
697 940 894 982 stabilita
1192 955 1293 996 pere
1332 940 1480 994 potest
1506 971 1513 980 .
1543 937 1655 979 sicut
1694 937 1747 978 ad
1784 936 1957 979 finitum
1985 972 1992 980 .

239 1013 520 1056 Sollemnitas
543 1045 551 1055 .
570 1012 710 1054 letitie
734 1045 742 1054 .
765 1016 1002 1056 conuentus
1194 1011 1401 1068 procedat
1416 1044 1423 1051 .
1438 1010 1509 1052 uel
1530 1024 1683 1051 manus
1708 1008 1883 1065 sicapax
1904 1012 1993 1052 est.

238 1085 312 1129 Sol
344 1085 433 1127 ruit
454 1120 460 1127 .
483 1084 548 1127 sol
582 1084 740 1127 occidit
1194 1085 1342 1127 decem
1387 1081 1626 1125 solidorum
1652 1113 1659 1122 .
1687 1081 1818 1124 addas
1860 1097 1993 1124 unum

239 1157 443 1202 Solamen
482 1191 490 1200 .
530 1156 742 1199 solacium
785 1158 854 1200 uel
904 1158 1096 1200 consola-
1195 1159 1238 1198 et
1290 1155 1424 1198 alium
1456 1187 1465 1197 .
1499 1157 1543 1196 et
1587 1153 1766 1195 tertium
1799 1187 1806 1195 .
1842 1168 1993 1209 capere

298 1230 462 1273 tionem
1196 1230 1344 1283 potest
1370 1260 1379 1270 .
1408 1227 1469 1269 sic
1512 1241 1615 1283 ergo
1643 1259 1651 1267 .
1679 1226 1731 1267 ad
1774 1225 1993 1268 infinitum

239 1303 457 1346 Sollemne
479 1335 487 1344 .
508 1301 712 1358 religiose
1195 1299 1335 1342 tendit

238 1374 477 1419 Sollemnia
492 1408 500 1417 .
516 1389 658 1417 annua
678 1375 748 1417 uel
773 1374 963 1417 sollicita
983 1373 1097 1416 festa
1137 1372 1313 1428 Spatale
1336 1405 1344 1413 .
1365 1369 1516 1413 delicie
1539 1403 1546 1412 .
1569 1373 1643 1426 grc
1687 1363 1692 1367 ’

239 1446 556 1503 Solistitusssum
570 1481 576 1488 .
590 1447 663 1502 qui
685 1447 871 1490 adicitur
890 1446 986 1502 ipso
1008 1446 1095 1488 die.
1136 1444 1344 1501 Spatulor
1366 1478 1373 1485 .
1395 1442 1574 1485 delicior

296 1534 381 1562 uno
415 1522 638 1562 momento
661 1552 670 1562 .
692 1519 951 1562 solcrescere
1137 1516 1365 1573 Specimen
1387 1550 1394 1557 .
1416 1515 1662 1571 exemplum
1694 1514 1798 1557 boni
1832 1514 1973 1570 operis
2015 1527 2049 1552 40

238 1591 360 1636 Soles
383 1625 390 1634 .
412 1592 504 1634 dies
1139 1589 1293 1645 Spelea
1313 1623 1320 1630 .
1343 1587 1549 1644 spelunca

239 1663 446 1708 Sollertia
467 1697 475 1706 .
496 1663 731 1720 uigilantia
764 1662 1012 1706 sollicitudo
1139 1661 1347 1717 Specular
1368 1694 1376 1701 .
1398 1659 1610 1716 singulari
1643 1673 1823 1701 numero

239 1736 537 1780 Sollicismum
558 1770 566 1777 .
587 1736 747 1778 uitium
780 1734 992 1778 sermonis
1139 1732 1333 1789 Speciale
1349 1767 1356 1774 .
1372 1732 1448 1774 ubi
1468 1731 1646 1788 propria
1666 1731 1848 1786 quedam
1869 1731 1996 1773 unius

239 1808 408 1852 Solium
430 1841 439 1851 .
460 1811 637 1851 tronum
1198 1805 1404 1860 cuiusque
1473 1819 1656 1860 persone
1678 1847 1687 1854 ‚
1719 1803 1836 1846 facta
1902 1817 1997 1845 nar-

239 1880 463 1924 Sollicitus
495 1915 502 1922 .
534 1879 791 1935 quiasollers
823 1914 830 1922 .
861 1880 999 1935 adque
1038 1879 1099 1921 in-
1198 1880 1351 1920 rantur

299 1952 473 2009 quietus
1138 1949 1406 2006 Sffspectator
1428 1984 1435 1991 .
1456 1949 1677 2004 inspector
1696 1982 1703 1990 .
1723 1947 1792 1988 ΙΙΙ-ο
1810 1981 1817 1989 .
1833 1949 1998 2002 specta-

237 2024 646 2081 *Sompthophanet
671 2059 678 2067 .
701 2024 816 2080 quod
876 2026 1003 2066 sonat
1054 2023 1099 2066 in
1196 2025 1267 2065 tor
1297 2022 1388 2064 nila

296 2098 447 2154 lingua
468 2096 1099 2154 egyptiaca.salbatormundi
1139 2094 1367 2151 Specimen
1394 2127 1402 2136 .
1429 2092 1637 2135 indicium
1673 2093 1742 2134 uel
1776 2092 1950 2149 signum
2018 2105 2053 2131 45

239 2169 396 2213 Sontes
419 2203 427 2212 .
448 2169 511 2212 rei
543 2171 748 2212 nocentes
1140 2166 1401 2223 Spectacula
1433 2199 1442 2208 .
1475 2164 1549 2206 ubi
1589 2164 1735 2206 omnia
1771 2164 1959 2220 publicis
1990 2197 1999 2207 .

241 2241 431 2285 Sonoras
452 2275 460 2284 .
482 2242 590 2284 bene
624 2243 829 2284 sonantes
1197 2239 1367 2282 uisibus
1400 2238 1607 2294 prebetur
1628 2271 1635 2278 .
1658 2235 1870 2292 inspectio

242 2313 433 2357 Sonuere
455 2347 463 2355 .
486 2312 680 2356 sonitum
713 2313 923 2355 dederunt
1142 2308 1444 2368 Speculatur3)
1467 2344 1473 2352 .
1497 2308 1692 2351 adtendit

241 2385 441 2442 Sopitum
462 2420 470 2428 .
491 2401 644 2428 somno
678 2387 909 2442 grauatum
1139 2383 1346 2439 Spectata
1367 2416 1374 2424 .
1396 2381 1584 2438 probata

241 2457 436 2501 Sortitur
456 2490 465 2500 .
487 2457 743 2514 adipiscitur
1140 2455 1417 2511 Spiramenta
1432 2488 1440 2496 .
1456 2453 1630 2510 proprie
1646 2453 1762 2495 funis
1779 2452 1998 2495 nauticas.

242 2529 443 2573 Sororius
467 2563 474 2571 .
496 2529 658 2571 sororis
690 2529 806 2571 filius
1199 2529 1343 2569 tortus
1367 2560 1376 2568 .
1397 2528 1456 2583 gr]
1472 2561 1478 2567 .
1493 2526 1580 2568 fem
1598 2560 1605 2567 .
1625 2517 1744 2568 sfflm
1771 2524 1998 2568 homerum

241 2601 372 2645 Sorec
408 2635 416 2644 .
449 2601 654 2644 dilectam
698 2601 760 2643 sic
804 2600 870 2642 uti
915 2602 982 2642 est
1015 2634 1022 2641 .
1056 2600 1101 2641 in
1140 2599 1273 2656 Splen
1295 2633 1303 2641 .
1325 2599 1472 2654 splene
1734 2620 1746 2631 ·=
2018 2609 2053 2634 50

299 2688 474 2729 esayam
1141 2672 1273 2727 Splen
1294 2705 1301 2712 .
1323 2671 1434 2713 liene
1457 2703 1465 2712 .
1487 2670 1563 2726 gf&

242 2745 366 2787 Sorte
399 2746 550 2787 datum
572 2747 719 2788 ,sorte
753 2759 1006 2787 concessum
1140 2742 1326 2799 Spondit
1360 2775 1368 2785 .
1400 2741 1624 2797 pollicitus
1670 2742 1737 2782 est
1781 2742 1856 2781 aut
1902 2754 1998 2795 pro-

243 2815 369 2859 Sorte
402 2817 576 2859 traebat
595 2850 604 2860 .
626 2819 773 2859 exorte
807 2817 992 2860 ducebat
1198 2815 1320 2857 misit

243 2887 440 2943 Sospites
462 2922 469 2929 .
493 2889 662 2930 sanium
695 2889 884 2931 colomes
1140 2886 1690 2943 Spumeus.spumosus.ut
1703 2883 1998 2939 isquamosus.

323 3054 326 3057 “
364 3055 397 3099 1)
429 3051 470 3100 gi
493 3064 573 3101 sup.
599 3065 665 3091 scr.
703 3055 715 3099 11
752 3055 788 3100 2)
821 3055 862 3090 in
886 3056 1052 3102 marqine
1077 3065 1156 3091 una
1180 3063 1251 3090 vox
1276 3062 1403 3088 erasa:
1428 3061 1481 3086 cm
1504 3048 1803 3097 filosophorum?
1839 3051 1850 3096 Η
1888 3051 1923 3096 3)
1956 3062 1999 3086 ur

245 3125 290 3149 em
316 3124 357 3149 or
381 3125 473 3150 corr.
506 3114 518 3158 ΙΙ
