2221 3490
182 148 269 190 488

183 259 270 301 Tus
304 272 439 314 genus
473 257 540 297 est
572 253 787 310 pigmenti

184 331 347 373 Tusum
381 330 611 370 contusum

185 401 402 444 Tuturilla
439 399 504 441 ita
536 398 678 440 dictus
718 398 839 440 100115
878 398 923 439 111
957 412 1042 452 quo

245 471 489 527 corruptele
521 470 686 512 fiebant
717 470 831 525 quod
864 469 926 511 ibi
955 472 1043 511 tur-

244 544 331 587 turi
366 558 498 599 opera
530 542 707 585 daretur
739 542 853 583 idest
886 555 997 597 pane

185 617 348 673 Tygius
382 615 621 658 inferorum
653 614 869 656 inferorus

149 703 164 727 5
185 689 325 746 Tyrea
356 702 575 744 purpurea

185 761 444 817 Tyribulum
478 759 869 812 thimiamaterium

186 905 408 949 Vacillant
440 906 635 947 tremunt

186 978 406 1021 Vacillare
441 979 625 1019 tremere
658 976 876 1032 trepidare

192 1051 330 1093 Vacat
361 1051 406 1092 in
438 1049 534 1105 ipso
566 1051 794 1105 permanet
828 1047 1019 1091 scholazi

136 1137 167 1162 10
188 1122 324 1166 Vadis
359 1121 591 1178 exsanguis

188 1195 438 1238 Vadoribus
473 1194 731 1250 sequacibus

189 1267 365 1310 Vadosa
414 1267 511 1310 loca
559 1265 744 1308 humilia
788 1265 885 1307 loca
936 1264 1053 1306 dicta

252 1342 398 1382 autem
430 1338 542 1381 uada
571 1338 647 1380 ubi
678 1337 879 1380 homines
915 1338 1054 1377 trans-

252 1415 357 1455 eunt

192 1485 330 1529 Vadis
363 1483 612 1540 exsamguis

192 1557 328 1600 Vafer
348 1556 579 1611 uersipelle
607 1553 671 1612 (in
693 1568 775 1598 ras.
797 1552 914 1610 9102)
942 1555 1056 1595 astu-

256 1633 327 1672 tus
361 1644 436 1671 5011
469 1628 643 1670 rabiens

143 1716 176 1741 15
201 1702 330 1745 Vafre
364 1699 626 1756 inequaliter

196 1774 381 1817 Vafrum
412 1775 641 1815 uersutum

197 1847 399 1903 Vagatur
430 1847 569 1887 terrat

197 1919 371 1975 Vagina
404 1917 538 1974 gladii
571 1916 700 1958 theca

199 1992 390 2048 Vagitus
424 2004 553 2033 uoces
586 1988 806 2031 infantum
838 1987 968 2029 fietus

148 2077 182 2102 20
200 2063 414 2120 Vagurrit
446 2077 523 2118 per
557 2061 703 2104 odium
735 2062 923 2116 uagatur

201 2136 341 2178 Valde
374 2135 472 2177 fluit
504 2134 693 2175 multum
725 2132 824 2174 fluit

203 2208 342 2250 Valde
377 2207 466 2249 olet
499 2206 645 2248 adolet
678 2204 866 2246 multum
896 2202 1064 2244 redolet

206 2280 407 2322 Valitant
439 2279 534 2321 sani
567 2280 669 2320 sunt

204 2351 412 2394 Valitudo
447 2366 472 2393 a
503 2350 688 2392 ualendo
717 2349 808 2391 siue
835 2348 944 2390 bene
973 2346 1064 2388 siue

266 2423 378 2465 male

153 2509 188 2534 25>
207 2494 386 2538 Vallum
418 2495 539 2537 locus
578 2493 787 2535 humilior
824 2491 895 2534 uel
933 2491 1067 2533 fossa-

269 2570 364 2609 tum
396 2567 541 2623 girum

210 2639 419 2682 Valuitur
451 2637 690 2680 hostiarius

211 2711 367 2767 Vappa
397 2712 589 2766 nugatur
620 2708 730 2751 nihil

726 133 1075 178 EXCERPTA'EX
1101 139 1294 177 GLOSSIs
1321 139 1352 174 A
1373 139 1405 173 A

1081 250 1313 293 Vasticant
1333 264 1412 305 pro
1432 248 1736 291 uicissitudine
1752 247 1938 290 reddunt

1081 322 1367 365 Vasticantur
1398 321 1597 363 diuinant
1959 333 1993 358 30

1081 394 1284 452 Vatsssum
1319 393 1357 451 (i
1381 392 1518 448 erasa)
1552 407 1756 435 mensura
1789 394 1940 434 centus

1143 467 1276 510 chaus

1084 540 1289 596 Vectigal
1323 538 1492 581 exactio
1525 537 1702 593 publica
1730 535 1944 591 siliquati-

1145 627 1243 654 cum
1270 611 1384 653 idest
1406 611 1520 666 quod
1540 609 1745 652 uenditur
1770 609 1816 650 in
1836 623 1945 650 mer-

1146 687 1243 726 cato
1272 698 1347 725 seu
1372 697 1454 738 que
1482 683 1535 725 ad
1560 682 1728 724 uictum
1754 680 1947 736 pertinet

1085 755 1335 812 Vectigalia
1368 756 1536 797 tributa
1567 753 1744 810 publica

1086 829 1251 872 Vector
1284 828 1358 883 qui
1393 827 1556 882 aliquid
1588 828 1738 882 portat
1769 825 1840 868 uel
1873 824 1948 881 qui

1147 902 1201 943 ab
1236 900 1382 955 aliquo
1415 901 1619 954 portatur

1087 973 1212 1029 Vega
1245 972 1407 1029 grande
1441 970 1567 1012 ualde
1604 970 1766 1027 grande
1965 980 2002 1006 35

1079 1046 1233 1104 ⁴Veget
1268 1044 1387 1086 ualet

1090 1118 1291 1174 Vegeant
1323 1116 1499 1158 ualeant

1089 1189 1355 1247 Vegetatine
1388 1187 1650 1243 uegetudine
1684 1187 1797 1228 idest
1829 1185 1951 1228 forti-

1150 1263 1300 1305 tudine
1332 1261 1498 1303 uirtute

1091 1335 1263 1392 Vegeto
1296 1346 1477 1388 corpore
1512 1331 1704 1373 studiose
1739 1344 1919 1385 corpore

1092 1408 1229 1464 Vegit
1260 1405 1410 1462 probit
1442 1403 1583 1460 eregit

1093 1479 1341 1522 Vehemens
1367 1476 1498 1519 nimis
1525 1475 1697 1519 ualidus
1723 1474 1852 1516 fortis
1879 1489 1955 1516 seu

1153 1541 1298 1608 frigor
1327 1551 1451 1607 gelus
1484 1549 1642 1605 pruina
1675 1546 1887 1589 acerrima

1096 1623 1330 1667 Velificant
1362 1636 1569 1678 prospere
1601 1619 1816 1676 nauigant

1094 1695 1354 1752 Velligatim
1385 1693 1600 1750 paulatim

1094 1768 1216 1811 Velit
1248 1767 1344 1810 uult

1095 1839 1328 1883 Velteltire
1351 1838 1493 1896 gentis
1516 1837 1738 1880 cuiusdam
1765 1835 1960 1890 loquella
1978 1847 2014 1873 45

1098 1913 1336 1956 Vemarum
1380 1911 1514 1952 herbe
1566 1924 1702 1966 genus
1749 1907 1863 1963 quod
1914 1905 1959 1948 in

1159 1985 1267 2028 10015
1299 1983 1490 2025 humidis
1523 1981 1721 2024 nascitur

1099 2057 1355 2101 Vehemeris
1389 2055 1512 2097 ferox

1100 2130 1330 2172 Venenum
1370 2142 1519 2170 amara
1558 2125 1812 2169 commixtio
1848 2125 1960 2167 unde

1161 2201 1360 2244 homines
1394 2201 1602 2256 tegantur

1103 2275 1329 2316 Venerunt
1361 2272 1648 2314 uendiderunt

1973 1416 2008 1441 40

1105 2344 1289 2400 Venerie
1321 2343 1490 2398 luxurie.

1106 2419 1230 2461 Vena
1263 2417 1400 2460 oculie
1433 2415 1622 2459 cuniculi

1106 2490 1258 2533 Veniit
1290 2488 1484 2531 uendidit

1107 2563 1286 2605 Venunt
1317 2561 1513 2603 uendunt

1108 2633 1337 2677 Veraciter
1368 2633 1554 2674 firmiter
1586 2631 1774 2674 fideliter

1109 2706 1284 2749 Verana
1315 2704 1485 2747 insania
1515 2704 1630 2746 idest
1662 2704 1845 2745 uetrana

1983 2355 2016 2380 50

212 2783 375 2826 Varam
415 2781 638 2824 uibianam
682 2781 847 2836 pertice
886 2781 1071 2822 duorum
1108 2777 1370 2821 Veretillum
1402 2776 1542 2831 podex

275 2856 390 2897 inter
423 2869 467 2897 se
495 2853 715 2909 conligate
744 2868 825 2908 que
853 2853 905 2895 ad
932 2867 1072 2894 serem
1109 2850 1342 2893 Veretrum
1374 2851 1533 2890 natura

275 2926 494 2969 sustinent
525 2926 595 2968 uel
622 2926 672 2967 de
701 2924 985 2981 prouerbium
1011 2939 1073 2966 se-

278 2999 425 3054 quitur
455 2998 532 3040 11101
565 2997 729 3040 afantio

1110 2923 1351 2965 Veretuum
1384 2919 1702 2976 pertussorium

1112 2994 1379 3037 Verbactum
1410 2995 1528 3035 terra
1559 2990 1754 3046 proscisa

317 3155 370 3187 13.
399 3150 598 3197 exsanguis
625 3152 645 3187 b
664 3153 676 3196 11
705 3154 759 3186 26.
787 3149 962 3185 Valuitor
988 3152 1007 3186 b
1028 3153 1038 3196 ΙΙ
1065 3152 1120 3185 55.
1147 3148 1282 3183 insana
1308 3148 1327 3183 b
1347 3147 1360 3191 ΙΙ
1385 3148 1441 3181 59.
1468 3143 1656 3191 proscissa
1682 3144 1702 3180 b
1727 3144 1739 3189 ΙΙ
