2221 3490
223 146 311 187 466

223 255 405 298 Mobilia
438 256 591 297 domus
625 254 901 309 superlectile

222 328 474 370 Mobilitata
506 329 706 368 mouetur

222 400 468 442 Modestare
502 413 651 455 regere

221 471 469 513 Modolator
502 473 700 512 cantator

176 547 200 579 '5
221 543 513 585 Modolamine
565 545 668 597 apta
718 541 934 583 cantilena
982 557 1080 584 cum

280 615 497 658 suauitate

218 687 373 730 Modus
406 687 529 729 litius
564 686 704 742 qualis
741 687 787 728 in
820 687 1077 741 celebrando

278 760 428 802 funere
461 759 600 800 alidus
633 759 797 801 dictum

218 831 394 874 Moecus
428 831 597 873 adulter
631 846 729 873 cum
762 831 995 873 maritatur

217 903 448 946 Molitibus
482 903 843 958 dispositionibus

217 976 448 1019 Molleolus
480 976 564 1017 hoo
594 976 709 1017 enim
734 989 823 1017 non
855 976 1077 1018 manditur

277 1049 351 1090 sed
373 1049 630 1091 obseruetur
650 1048 752 1102 quia
772 1048 906 1104 uulgo
929 1047 1074 1103 glutto

275 1121 468 1176 appellat

166 1203 197 1228 10
215 1193 409 1236 Molosos
444 1207 571 1235 canes

215 1265 488 1307 Momentum
518 1264 636 1306 huna
666 1263 775 1305 hora

211 1337 438 1385 ,Momento
473 1336 615 1392 spatio
650 1335 852 1378 soliarius

214 1407 486 1451 Momentum
520 1408 648 1450 stilus
687 1408 733 1449 in
765 1422 851 1462 quo
885 1422 1074 1449 momen-

274 1485 377 1523 tana
415 1481 516 1537 quia
556 1481 642 1522 cito
683 1479 916 1521 admodum
954 1480 1074 1522 incli-

272 1557 403 1595 natur
434 1552 699 1596 uocabulum
732 1552 918 1606 sumpsit

212 1625 544 1668 Monacosmum
577 1639 713 1680 genus
739 1623 931 1665 uehiculi
957 1625 1073 1680 quod

273 1699 326 1740 ab
360 1713 446 1740 uno
480 1698 676 1739 iumento
710 1697 923 1738 ducantur

159 1782 192 1807 15
211 1769 400 1812 Monitio
435 1769 622 1811 eruditio
656 1783 732 1811 seu
765 1769 1011 1810 decantatio

211 1841 394 1884 Monilia
457 1844 712 1883 ornamenta
774 1840 819 1882 in
882 1841 1072 1883 ceruices

271 1914 503 1956 mulierum
553 1914 624 1955 uel
669 1927 878 1969 equorum
928 1915 1072 1968 pecto-

270 1987 379 2028 ralia

210 2059 476 2101 Monotonus
510 2073 596 2100 uno
629 2060 780 2099 tenore
812 2057 981 2113 regitur

210 2131 468 2174 Monocerus
491 2129 734 2185 quadrupes
751 2144 885 2171 cornu
904 2129 1070 2171 habens

270 2203 315 2245 in
347 2203 491 2245 fronte

211 2275 574 2318 Monecentaurus
600 2274 733 2316 homo
755 2276 886 2329 caput
907 2273 1072 2315 habent

271 2348 322 2390 de
354 2348 467 2390 bobe

156 2432 190 2455 πο
211 2419 490 2461 Monstruum
540 2419 655 2473 quod
705 2419 867 2472 absque
914 2420 1072 2459 natura

268 2492 465 2534 nascitur
501 2493 552 2533 ut
592 2505 693 2533 aues
727 2505 826 2532 cum
863 2491 1070 2544 quattuor

270 2563 360 2604 alas

209 2634 438 2677 Monstrua
462 2634 637 2690 proprie
658 2636 832 2676 terrena
853 2635 954 2675 sunt
973 2647 1070 2687 pro-

270 2706 389 2762 digia,
418 2721 523 2749 uero
557 2706 734 2760 celestia

209 2776 330 2820 More
363 2779 462 2820 dere
496 2778 675 2834 obloqui

207 2849 358 2892 Morus
390 2851 643 2906 ingeniosus

208 2920 427 2964 Motinum
460 2921 551 2964 sine
585 2922 789 2964 cornibus
829 2924 904 2963 aut
943 2920 1067 2963 semi-

268 2995 471 3036 truncum
999 2988 1002 2990 ’

767 144 1024 179 EXCERPTA
1050 145 1116 179 EX
1141 144 1334 180 GLOSSIS
1360 144 1394 179 A
1412 145 1445 180 A

1119 254 1325 297 Motilum
1364 254 1456 296 sine
1495 255 1700 297 cornibus
1739 258 1815 297 aut
1854 257 1979 299 semi·
1999 272 2033 298 25
2104 293 2106 295 ,

1180 329 1431 368 truncatum

1119 397 1295 440 Motilat
1327 398 1538 454 placitum
1570 399 1709 441 uiolat

1119 469 1290 512 Motare
1323 485 1498 512 mouere

1117 542 1331 584 Mulcauit
1374 542 1579 584 conmisit
1622 543 1736 585 cedit
1777 543 1847 585 uel
1891 544 1978 586 liti-

1177 616 1301 671 gauit

1116 686 1316 729 Mulcedo
1350 686 1583 729 blandities
1615 686 1773 729 lenitas

1116 758 1305 801 Mulcrat
1338 759 1533 801 adflictat
1565 759 1807 816 corrumpit
1997 776 2031 801 30

1114 830 1283 873 Mulcra
1300 830 1565 888 mulgarium
1585 830 1841 873 multarium
1861 831 1976 873 idest

1174 919 1253 945 uas
1285 903 1361 945 ubi
1392 902 1460 945 lac
1493 903 1705 958 mulgitur

1114 974 1344 1017 Muliertas
1378 974 1652 1017 muliebritas

1115 1046 1290 1089 Mulitio
1323 1047 1554 1102 dispositio

1113 1118 1322 1160 Multauit
1354 1119 1497 1161 uinxit
1529 1118 1687 1176 ligauit

1112 1190 1253 1232 Multo
1286 1191 1447 1232 amictu
1480 1191 1622 1246 spisso
1656 1190 1927 1246 operimento
1992 1207 2027 1234 35

1114 1262 1358 1304 Multifaria
1391 1263 1579 1304 multum
1610 1263 1793 1317 loquens
1819 1264 1974 1306 uerbo-

1173 1335 1280 1376 sitas
1314 1334 1530 1376 infinitam
1563 1334 1854 1390 multiplicem

1111 1406 1264 1449 Multis
1316 1406 1563 1449 cumulibus
1608 1421 1706 1448 cum
1751 1407 1971 1449 infinitate

1170 1493 1302 1520 manu

1111 1550 1288 1592 Mulcha
1319 1565 1479 1593 nomen
1511 1551 1702 1593 fluminis

1111 1622 1343 1678 Multiplex
1375 1623 1630 1664 multotiens
1659 1623 1873 1678 plicatum
1899 1624 1971 1666 uel

1169 1695 1407 1750 plurimum
1439 1695 1484 1736 in
1516 1710 1560 1737 se
1593 1695 1821 1738 continens

1111 1766 1263 1809 Mullei
1284 1767 1501 1823 calceique
1527 1767 1818 1823 inantiquitus
1845 1782 1970 1824 reges
1990 1785 2025 1811 40

1171 1839 1331 1882 habere
1365 1839 1485 1882 soliti
1518 1842 1642 1882 erant

1110 1911 1443 1954 Munumentum
1476 1912 1617 1961 latum
1649 1914 1821 1968 tempus

1109 1983 1321 2027 Mundum
1353 1984 1563 2026 muliebre
1596 1984 1853 2026 linteamina
1881 2000 1970 2027 mu-

1170 2056 1325 2098 liebria
1702 2046 1711 2052 “

1110 2127 1430 2170 Munimentum
1464 2128 1669 2183 quicquid
1702 2128 1845 2170 munit

1109 2199 1334 2242 Munimen
1366 2200 1500 2242 euitio
1533 2201 1604 2242 uel
1645 2200 1965 2242 firmamentum

1110 2272 1398 2328 Municipium
1431 2273 1660 2315 castellum
1697 2273 1767 2314 uel
1798 2273 2022 2316 modica45

1170 2345 1394 2386 mansione
1427 2360 1502 2387 seu
1534 2345 1635 2387 uicu
1669 2345 1743 2400 qui
1779 2345 1968 2400 acceptis

1169 2417 1365 2459 muribus
1399 2417 1652 2460 aedificatur

1108 2488 1425 2544 Municipatum
1440 2489 1698 2531 amuniendo
1712 2489 1967 2531 inchoatum

1108 2560 1403 2615 Municipatus
1434 2561 1649 2616 professio
1683 2560 1908 2616 municipii

1107 2632 1341 2674 Munilium
1374 2647 1554 2689 operum
1585 2632 1753 2675 facture
1786 2633 1881 2675 auri

1106 2703 1331 2760 Municeps
1364 2705 1473 2747 ciuis
1506 2704 1731 2759 municipii

1107 2776 1393 2832 Municipales
1439 2777 1630 2832 origines
1675 2776 1791 2818 ciues
1834 2779 1878 2818 et
1918 2777 1965 2818 in
1984 2790 2019 2815 50

1166 2849 1311 2891 locum
1343 2849 1537 2891 officium
1569 2851 1769 2904 gerentes

1106 2920 1403 2963 Munumentis
1425 2920 1632 2963 aedificiis
1652 2920 1838 2976 publicis
1856 2936 1965 2963 sem-

1163 2993 1348 3048 piternis

307 3150 360 3181 12.
389 3146 579 3180 solitarius
605 3149 658 3192 (ι11
685 3151 739 3182 37.
768 3146 986 3181 infirmitate
1013 3147 1032 3181 b
1053 3148 1064 3192 ΙΙ
1089 3149 1145 3182 44.
1172 3146 1284 3181 tuitio
1311 3147 1362 3182 ab
1389 3148 1400 3192 ΙΙ
