2221 3490
258 165 345 206 478

258 274 418 324 Queuit
451 274 595 329 potnit

256 344 408 395 Querit
440 345 633 400 potuerit

257 417 417 466 Quinni
452 417 525 472 qui
558 432 646 459 non
677 417 762 459 nisi
796 417 898 472 quid

255 488 415 538 Quinni
448 490 562 543 quod
594 505 681 531 non
714 492 788 531 aut
822 504 955 544 quare

217 570 233 595 5
255 560 462 616 Quippini
495 561 645 616 quidni

254 632 468 681 Quirinali
500 634 651 675 trabea
682 634 841 676 romuli
873 633 1008 675 habes

252 703 470 753 Quiritare
503 705 714 760 populare

251 776 442 824 Quiritat
492 778 654 832 populo
709 777 959 833 adloquitur
1011 793 1110 833 que-

310 848 517 890 rellasdat
553 848 597 890 in
631 850 833 892 contione

249 919 363 969 Quin
394 921 527 962 habet
560 924 609 963 ut
643 924 814 964 staurat

197 1003 229 1028 ιο
250 993 471 1042 Quintana
505 992 693 1048 quinque

249 1064 354 1114 Quis
377 1065 533 1121 quibus
555 1065 692 1107 datiui
714 1068 756 1107 et
777 1066 960 1108 ablatiui
980 1081 1105 1108 casus

248 1137 387 1187 Quiue
420 1137 658 1180 monstroie
957 1125 960 1128 ’

248 1209 428 1259 Quiares
462 1224 588 1266 grece
623 1210 783 1251 dicitur

247 1281 358 1331 Quia
390 1296 519 1337 greco
552 1282 767 1323 uocabulo
801 1285 1013 1324 aotenasu

190 1363 223 1389 15
246 1352 459 1403 Quocirca
493 1356 759 1409 quapropter
792 1369 924 1409 quare

245 1424 456 1474 Quocirca
487 1441 566 1481 pro
600 1441 732 1480 quare
765 1427 835 1469 uel
868 1427 964 1469 ideo

244 1497 633 1547 Quodsimentirim
684 1499 798 1554 quod
850 1499 1099 1541 simentitus

302 1570 435 1611 fuerit

244 1641 548 1691 Quolibamine
582 1657 666 1697 quo
700 1642 903 1684 unctione

244 1714 462 1764 Quorsum
493 1715 539 1756 in
566 1729 695 1770 quam
725 1717 894 1769 partem
923 1714 1013 1756 sine
1041 1718 1100 1757 te-

302 1789 509 1843 gumenta

188 1870 222 1895 20
243 1859 465 1909 Quornum
499 1874 633 1915 genus
666 1859 775 1915 ligni
808 1860 978 1901 roboris

244 1932 652 1987 Quotumquemque
678 1946 904 1987 quousque
932 1948 1100 1974 moram

299 2003 406 2046 facit
486 2050 491 2055 „

243 2075 431 2125 Quulina
464 2076 650 2131 coquina

241 2146 334 2196 Quo
367 2147 443 2189 ubi
475 2148 586 2190 unde
621 2149 837 2203 quomodo

240 2362 381 2405 Rabia
414 2363 572 2405 furiam
605 2364 727 2405 sania
758 2363 959 2405 furientis

186 2445 220 2471 ‘25
242 2436 422 2477 Rabidis
454 2436 671 2477 iracundis

240 2507 498 2549 Rabidiores
531 2508 718 2549 multum
750 2507 954 2562 loquaces

239 2579 475 2622 Rabiorem
519 2579 754 2621 uerbosum
799 2580 986 2622 multum
1037 2580 1096 2622 10-

300 2655 503 2707 quentem
537 2652 773 2707 superbum

241 2724 481 2765 Rabiorum
513 2723 640 2778 plura
671 2723 946 2779 loquentium

238 2794 408 2837 Rabola
441 2795 677 2837 aduocatus
708 2796 778 2837 uel
807 2796 1096 2839 calumniator

299 2867 451 2909 auidus

188 2948 221 2973 30
239 2938 453 2981 Racemus
479 2939 674 2981 modicus
702 2941 975 2983 ramusculus
997 2955 1095 2982 cum

297 3025 394 3051 uuis

334 3167 364 3197 2.
394 3162 572 3205 Qucucrit
598 3176 619 3199 (ι
651 3166 664 3209 ΙΙ
696 3169 726 3199 9.
754 3166 796 3198 1113
822 3166 1006 3201 statueret
1031 3179 1054 3201 (ι
1085 3168 1096 3211 ΙΙ

801 137 1059 199 1136116ρΤ11
1085 163 1150 198 EX
1177 163 1369 199 eLossis
1396 164 1428 197 A
1448 165 1481 198 A

1152 272 1414 316 Radicatum
1447 289 1472 315 a
1503 274 1644 316 radice
1678 275 1877 318 euulsum

1153 344 1370 387 Ramenta
1401 347 1595 388 muscule
1629 346 1733 388 alibi
1765 347 1898 407 firma·

1154 416 1373 460 Ramnum
1423 418 1593 473 lignum
1644 433 1696 460 ex
1746 433 1830 474 quo
1888 419 2010 474 spine

1216 489 1417 531 oriuntur

1151 561 1387 603 Ramnasia
1418 562 1497 604 hec
1531 562 1803 605 amatoribus

1150 633 1343 689 Raptum
1377 634 1523 676 subito
1557 634 1720 676 tultum

1149 705 1330 761 Raptim
1363 706 1586 748 sublatum

1147 777 1282 833 Rapit
1314 778 1419 820 tulit

1147 849 1394 892 Rastellum
1425 850 1618 906 ligonem

1146 921 1393 964 Rafimenta
1426 922 1719 964 interamenta

1146 993 1260 1035 Rata
1293 994 1581 1049 acceptabilia

1145 1065 1342 1108 361061110
1376 1069 1477 1121 post
1509 1070 1680 1122 partem
1712 1067 1878 1109 factum

1144 1138 1327 1180 Recenti
1360 1138 1453 1195 iugi

1144 1210 1354 1252 Recentia
1387 1211 1563 1253 adoram
1595 1226 1710 1253 noua

1143 1282 1406 1325 36661111016
1426 1283 1645 1338 repatiora
1667 1298 1743 1325 3611
1762 1284 2002 1326 remotiora

1143 1354 1355 1397 Recessus
1389 1354 1569 1397 inferior

1138 1426 1315 1469 Recesis
1343 1428 1587 1470 recessibus
1615 1429 1792 1471 secretis
1819 1428 1996 1472 interio-

1201 1500 1323 1542 ribus

1139 1571 1350 1627 Receptas
1397 1571 1548 1614 audius
1598 1573 1826 1627 proprium
1875 1589 1998 1616 reuo-

1199 1647 1321 1686 catus
1355 1647 1430 1687 aut
1462 1647 1662 1699 receptus

1138 1716 1363 1758 3666116113
1396 1719 1514 1758 retro
1548 1717 1701 1759 cedens

1138 1788 1322 1830 Recellit
1355 1791 1472 1831 retro
1507 1789 1600 1845 agit

1139 1860 1346 1902 Recentia
1378 1860 1537 1902 uiridia

1137 1931 1346 1974 Recidiua
1377 1933 1650 1975 renascentia
1684 1948 1759 1975 seu
1792 1933 1940 1975 ablata

1136 2004 1367 2046 Recidiora
1399 2004 1594 2046 rediuiua
1625 2005 1696 2046 1161
1729 2007 1931 2060 reparata

1136 2076 1414 2133 Recognatus
1446 2077 1562 2118 filius
1595 2077 1733 2132 patris

1134 2148 1402 2205 Recognitus
1415 2149 1468 2190 ad
1480 2148 1775 2205 cognitionem
1787 2164 1988 2191 reuersus

1134 2220 1377 2263 Recursum
1408 2235 1710 2276 repercussum

1134 2292 1328 2335 Recurso
1361 2306 1570 2335 concusso

1134 2364 1432 2407 Redantruare
1466 2365 1654 2420 gratiam
1686 2365 1849 2407 referre

1134 2436 1410 2479 Rediuitione
1438 2437 1726 2479 retributione
1747 2437 1988 2480 redditione

1136 2508 1354 2551 Redhibet
1386 2508 1601 2551 retribuet

1135 2580 1380 2623 Redhibere
1412 2580 1653 2623 retribuere
1685 2581 1862 2623 reddere

1135 2653 1403 2696 Redimicule
1443 2653 1556 2696 uitte
1590 2653 1748 2708 quibus
1783 2653 1913 2694 mitra
1944 2653 1992 2694 li-

1194 2728 1353 2780 gantur

1135 2796 1396 2839 Rediuiuum
1418 2813 1441 2839 a
1462 2800 1603 2840 morte
1630 2799 1706 2839 aut
1727 2812 1752 2838 a
1770 2799 1990 2839 uetustate

1194 2872 1445 2911 reuocatum

1134 2940 1296 2982 Redius
1328 2956 1462 2983 uerna
1493 2956 1622 2996 preco

1134 3012 1339 3054 Refendit
1370 3014 1588 3055 rescendit
1620 3016 1696 3055 aut
1727 3014 1923 3056 demutat

2027 651 2062 677 35

2023 1011 2059 1036 40

2019 1371 2053 1397 45

2017 1877 2052 1902 50

2015 2236 2050 2262 55

2011 2597 2047 2622 (30

1129 3171 1180 3201 15.
1208 3178 1283 3211 qna
1309 3179 1332 3202 (ι
1361 3168 1372 3212 ΙΙ
1404 3170 1458 3203 36.
1487 3167 1667 3202 sublatim
1692 3181 1715 3204 a
1743 3169 1754 3213 ΙΙ
