2221 3490
212 138 298 179 528
612 135 868 172 EXCERPTA
894 136 959 170 EX
986 135 1160 171 CODICE
1187 134 1437 170 VATIOANO
1466 139 1556 170 1471

212 247 396 290 Vstrina
452 247 572 288 locus
626 245 702 287 ubi
758 246 1075 287 comburuntur
1173 245 1398 287 tudinibus
1432 245 1667 287 cuiuslibet
1692 245 1755 287 rei
1780 246 1850 287 uel
1884 260 1969 287 me-

275 333 458 374 corpora
513 318 583 359 uel
639 316 716 359 ubi
771 318 894 372 porci
951 321 1073 360 ustu-
1173 317 1411 359 dictatibus
1451 319 1676 359 scutorum
1714 317 1826 358 unde
1862 317 1971 359 deri-

270 393 417 433 lantur
1171 392 1302 431 uatus
1335 392 1403 431 est
1433 387 1667 431 umbilicus

212 463 385 505 Vssitat
417 462 668 517 frequenter
701 461 920 504 comburit
1114 461 1240 504 Vnda
1270 461 1391 517 prior
1421 460 1573 516 populi
1606 460 1842 502 multitudo

142 571 144 574 .
216 535 489 578 Vmbonibus
524 533 854 576 summitatibus
881 533 952 575 uel
979 533 1074 575 alti-

400 825 465 872 IV
522 824 865 872 EXOERPTA
904 824 989 870 EX
1030 823 1256 871 CODICE
1298 823 1626 871 VATIOANO
1669 824 1793 883 1471„

970 915 1128 962 (saecun
1152 915 1218 961 ix)

1082 1026 1103 1068 Ι

214 1111 437 1168 Locuplex
470 1112 590 1153 diues
624 1112 804 1154 idoneus
992 1141 994 1143 -
1115 1109 1283 1165 Migma
1302 1111 1429 1165 palea
1448 1109 1618 1151 minuta
1637 1124 1735 1151 cum
1755 1108 1976 1151 frumento

214 1185 364 1226 Luetis
396 1184 659 1239 persoluetis
1174 1183 1392 1237 permixta

214 1256 375 1298 Lustra
414 1256 600 1298 latibula
644 1255 836 1298 ferarum
875 1255 945 1296 uel
987 1257 1075 1296 tur·
1115 1252 1298 1295 Monilia
1330 1256 1587 1296 ornamenta
1619 1254 1665 1295 in
1692 1253 1859 1296 ceruice
1888 1269 1978 1295 mu-

273 1328 394 1383 pium
425 1328 653 1370 hominum
1174 1325 1331 1368 lierum

216 1400 403 1442 Luteum
441 1400 560 1442 color
593 1414 769 1442 croceus
1115 1397 1364 1440 Monstrum
1398 1398 1471 1454 qui
1498 1400 1621 1440 extra
1652 1400 1811 1439 natura
1840 1396 1978 1439 nasci-

179 1483 194 1507 5
218 1472 470 1515 Luculleum
504 1486 640 1528 genus
675 1472 905 1514 marmoris
939 1472 1027 1514 albi
1176 1472 1247 1511 tur
1280 1473 1330 1511 ut
1363 1485 1464 1512 aues
1499 1485 1595 1512 cum
1631 1472 1841 1525 quattuor
1874 1469 1955 1511 alis

215 1532 383 1586 Luscus
416 1559 551 1586 unum
584 1545 750 1586 habens
785 1544 959 1586 oculum
1115 1541 1302 1584 Musitat
1336 1545 1580 1584 murmurat

216 1616 339 1672 Lupa
372 1617 577 1658 meretrix
1115 1614 1412 1670 Municipatus
1445 1613 1660 1670 professio
1696 1614 1858 1669 mucipi
1981 1602 2034 1651 ‘30

215 1688 464 1744 Lupanaria
500 1688 623 1730 locus
662 1688 707 1730 in
746 1688 904 1744 quibus
944 1704 1077 1730 mere·
1116 1686 1294 1729 Muscus
1317 1701 1454 1743 genus
1471 1687 1572 1729 erbe
1587 1685 1657 1728 uel
1672 1700 1810 1742 genus
1832 1699 1979 1727 musce

276 1761 408 1804 trices
441 1761 645 1803 habitant
1177 1762 1253 1802 aut
1286 1752 1586 1815 Quadrupedes

215 1832 414 1874 Lucanar
446 1832 574 1875 fobea
1117 1831 1294 1887 Myrum
1327 1831 1561 1874 beneolens

165 1918 197 1942 ιο
217 1904 373 1948 Lichin
405 1905 581 1948 lucerna
1118 1939 1210 1982 Neu
1241 1940 1333 1983 noli

216 2048 502 2091 Manticulare
534 2049 734 2091 fraudare
761 2048 831 2090 uel
864 2048 983 2090 furto
1011 2048 1078 2090 de-
1116 2010 1238 2054 Neue
1271 2012 1398 2054 neue}

1117 2082 1290 2126 Nebulo
1324 2084 1583 2125 tenebrosus
1611 2083 1690 2125 obs
1724 2095 1876 2124 scurus
1909 2080 1980 2122 uel
2000 2093 2034 2118 35

1177 2156 1223 2197 in
1255 2158 1410 2210 postor

1119 2226 1419 2281 Necopinatur
1445 2242 1525 2269 nec
1553 2226 1823 2281 suspicatum
1849 2224 1894 2266 id
1914 2226 1982 2266 est

1180 2301 1333 2341 contra
1365 2299 1616 2353 opinionem

1119 2370 1278 2426 Neptis
1310 2385 1448 2426 nepus
1480 2371 1644 2412 femina

1119 2434 1284 2484 Nitelle
1316 2443 1483 2484 nitores
1516 2442 1642 2498 parui

1120 2513 1264 2556 Nictit
1297 2515 1416 2556 canis
1451 2529 1550 2557 cum
1583 2516 1730 2556 acutet
1763 2512 1917 2569 gannit

1121 2585 1324 2628 Nouerca
1355 2589 1522 2628 mattea
2002 2595 2038 2620 40

1121 2657 1469 2700 Nomenculator
1500 2672 1660 2700 nomen
1693 2659 1761 2698 est
1793 2655 1929 2698 officii

1121 2728 1336 2772 Nubilum
1381 2731 1616 2772 obscurum
1668 2727 1897 2769 fraudatur
1940 2730 1984 2769 et

1181 2802 1396 2857 pessimus
1427 2801 1559 2843 homo

1123 2873 1327 2929 Nugaces
1360 2873 1463 2915 uani
1495 2872 1565 2914 uel
1596 2871 1709 2913 fatui

1124 2945 1366 3001 Nugacitas
1398 2944 1572 2986 uanitas
1605 2942 1777 2985 insania

278 2121 418 2177 cipere

218 2193 518 2235 Mandibulam
552 2193 774 2236 maxillam

218 2265 431 2308 Mansitat
465 2269 611 2308 manet
643 2265 715 2308 uel
745 2265 997 2320 frequentat

218 2337 362 2380 Mater
395 2338 467 2380 dffi
501 2341 642 2380 mater
673 2338 853 2380 deorum

171 2422 199 2446 15
218 2409 396 2461 Majoros
431 2425 546 2452 mars

221 2482 524 2538 Marsuppium
558 2481 778 2524 sacculum

222 2553 440 2610 Magiores
474 2557 581 2596 natu
615 2553 807 2596 seniores

221 2625 517 2668 Meditullium
549 2623 937 2667 medioterranium

222 2697 518 2740 Meditullium
556 2697 796 2740 medioloca

169 2783 202 2806 20
222 2769 321 2813 Mea
354 2773 453 2826 apte
486 2770 556 2812 uel
589 2784 685 2811 mea
716 2768 854 2824 ipsius

221 2841 396 2884 Metalis
430 2841 617 2884 uinculis

223 2913 380 2968 Meque
414 2916 457 2955 et
490 2929 557 2955 me

222 2985 421 3027 Mensare
455 2986 598 3041 sepius
631 2986 828 3042 mingere

224 3055 468 3099 Minutatur
501 3057 669 3099 atsidue
704 3057 896 3098 minatur
1124 3051 1359 3096 Obuallum
1392 3052 1581 3107 undique
1615 3051 1833 3093 munitum
2003 3059 2039 3086 45

173 3139 205 3165 25
225 3127 504 3170 Mirificentia
537 3128 862 3185 magnificentia
1123 3125 1315 3177 Obessus
1349 3139 1526 3181 grassus
1559 3123 1735 3180 pinguis
