2216 3402
715 116 949 152 PLACIDVS
975 117 1105 152 LIBRI
1132 117 1423 154 GLOSSARVM

253 227 410 283 quibus
443 227 620 269 funibus
648 225 794 269 auium
821 227 1050 283 eriguntur

250 299 381 354 pinne
416 297 483 356 (de
509 298 584 355 ql.)

192 370 341 412 Pirate
376 373 481 420 sunt
510 372 723 426 predones
755 370 965 412 maritimi
998 371 1052 412 ab

1896 120 1952 161 93

1149 244 1244 271 mus
1307 229 1447 284 magis
1509 243 1638 284 quam
1701 229 1948 284 plaustrum

1171 302 1218 342 de
1273 301 1296 343 l.

1094 298 1269 414 Plttusyy
1281 299 1318 414 a)
1336 373 1518 428 pedibus
1551 373 1693 415 dictus
1727 371 1793 431 (de
1817 372 1891 431 92.)

249 441 449 484 incendio
503 442 683 484 nauium
735 441 1058 484 transeuntium
1095 442 1309 485 Plubereo
1342 444 1477 486 tulleo
1510 443 1578 501 (dc
1604 442 1678 502 φῖ.)
1974 470 2006 493 13,

251 528 363 568 quur
401 514 633 568 capiebant
666 514 769 557 dicti
810 529 912 555 nam
959 513 1056 569 pira
1092 513 1384 557 Poemaneum
1419 531 1592 558 carmen
1628 517 1849 572 poeticum
1883 532 1950 574 ge-

252 585 366 639 ignis
401 587 467 626 est

190 655 324 697 Pirile
355 671 457 711 pars
491 656 633 698 simile
667 657 811 712 aquile

188 726 570 784 Piriplegecontus
610 729 791 771 flumina
831 730 943 784 apud
989 729 1055 771 in-

1153 602 1234 628 nus
1267 587 1497 629 masculini

1094 657 1231 700 Poeta
1263 659 1379 701 uatis

1092 728 1296 786 Poeticus
1330 731 1535 773 subaudis
1568 732 1679 774 liber
1708 733 1933 776 belcantus

252 799 367 841 feros
401 799 549 855 ignem
581 800 855 843 flamantium
888 799 955 858 (de
980 799 1055 858 91.)
1095 801 1192 843 Poli
1223 801 1292 844 ius
1324 802 1553 845 iurandum
1586 819 1662 858 per
1693 805 1909 859 pollucem

190 869 366 913 Phisica
423 885 576 927 graece
630 872 673 914 id
725 876 792 915 est
842 872 1056 915 naturalis
1095 873 1313 916 Pollicens
1345 875 1609 929 promittens
1643 873 1710 931 (cle
1739 874 1813 932 φῖ.)
1972 902 2005 925 20

246 943 386 998 phisis
419 938 535 985 enim
573 959 729 1000 graece
762 947 922 986 natura
956 944 1058 987 dici-

248 1017 322 1057 tur
354 1030 500 1057 rerum

153 1103 168 1127 5
189 1086 442 1129 Piissimum
463 1088 576 1142 apud
603 1102 682 1130 nos
711 1088 883 1144 antiqui
910 1089 1050 1131 dicere

246 1159 482 1201 noluerunt
544 1175 646 1202 nam
702 1160 800 1216 pius
857 1160 1049 1216 positiuo

248 1232 390 1288 magis
443 1232 729 1287 conparatiuo
779 1247 869 1274 non
916 1233 1051 1274 habet

249 1303 567 1358 superlatiuum
587 1306 631 1346 et
658 1318 809 1346 reuera
830 1319 928 1346 cum
954 1304 1050 1359 ipso

247 1375 442 1430 positiuo
475 1375 672 1431 perfecta
698 1376 757 1418 sit
783 1379 833 1417 ut
860 1376 896 1418 si
922 1375 1050 1418 uellis

246 1447 387 1489 dicere
438 1447 510 1490 hic
561 1448 809 1490 inmortalis
858 1451 925 1490 est
977 1448 1049 1490 ille

245 1519 632 1562 inmortalissimus

184 1590 317 1633 Pitho
348 1591 545 1647 pithonis
580 1607 628 1634 sa
655 1607 753 1635 cum
779 1592 809 1634 h
839 1592 1048 1634 scribitur

245 1661 312 1720 (de
337 1661 534 1720 orthoyr.)

184 1733 304 1777 Pixis
350 1735 510 1790 pixidis
555 1735 746 1790 pixidem
791 1751 921 1791 quam
966 1751 1044 1778 nos

245 1809 448 1862 corrupte
480 1806 685 1849 buxidem
718 1807 901 1850 dicimus

186 1879 455 1921 Placiatores
490 1879 739 1921 seductores

189 1950 357 2006 Plango
380 1965 477 1992 cum
501 1965 649 2007 pugno
671 1951 802 1994 alicui
823 1967 890 1994 res
913 1952 1043 1994 tollas

132 2040 166 2065 10
188 2022 353 2064 Plaudo
374 2022 458 2064 tibi
478 2022 599 2065 illam
619 2038 711 2066 rem
737 2026 906 2078 pottest
931 2024 1046 2066 bona

245 2094 409 2137 locutio
450 2109 542 2136 esse
587 2095 844 2150 prophetale
890 2098 957 2137 est
1000 2096 1045 2139 in

245 2166 421 2223 uirgilio
449 2166 631 2221 pedibus
657 2168 871 2223 plaudunt
897 2183 1044 2210 coreas

246 2241 289 2280 et
322 2238 514 2281 carmina
550 2239 699 2281 dicunt

184 2309 404 2351 Plaudunt
433 2310 763 2366 coniugationes
796 2312 928 2354 tercie
956 2327 1048 2354 cor-

246 2385 367 2441 repte

190 2454 379 2511 Plaugas
411 2454 595 2511 plangas

183 2524 451 2583 Plostrum1)
509 2529 552 2568 et
602 2526 849 2581 plaustrum
907 2543 1043 2585 genus

245 2598 546 2641 uehiculorum
580 2598 655 2640 sed
685 2602 909 2654 prostrum
942 2600 1043 2642 dici-

282 2742 317 2786 1)
349 2752 370 2776 o
392 2752 463 2786 pro
490 2752 538 2776 au
563 2751 655 2777 corr.
682 2744 768 2777 m.2
802 2742 813 2785 11

1095 944 1332 987 Pollilocus
1378 946 1630 988 multilocus
1674 947 1718 988 id
1757 951 1823 989 est
1861 964 1952 990 uer-

1154 1017 1288 1059 bosus
1321 1018 1391 1059 uel
1424 1018 1649 1061 uanilocus

1094 1089 1362 1132 Pollinctum
1407 1089 1657 1132 funeratum
1697 1094 1772 1132 aut
1811 1092 1952 1147 sepul-

1150 1164 1245 1203 tum
1289 1161 1575 1217 pollinctores
1622 1163 1737 1205 enim
1779 1163 1953 1205 funera-

1151 1236 1269 1275 tores
1303 1234 1507 1277 dicuntur

1092 1305 1335 1347 Pollinctus
1368 1306 1614 1361 insepultus

1093 1376 1347 1432 Poliptoton
1374 1377 1559 1420 diuersis
1587 1381 1631 1420 et
1656 1378 1857 1433 pluribus
1885 1394 1951 1422 ca-

1150 1449 1270 1491 sibus
1303 1449 1477 1491 uariata
1510 1450 1651 1492 oratio

1084 1520 1330 1563 Pomonum
1356 1521 1486 1563 huius
1512 1522 1714 1577 pomonis
1743 1523 1857 1578 apud
1889 1523 1947 1565 la·
1973 1543 2007 1567 εἴ,

1147 1593 1263 1636 tinos
1303 1593 1413 1636 nihil
1447 1597 1513 1635 est
1546 1595 1620 1636 sed
1663 1609 1852 1650 pomona
1885 1598 1950 1637 est

1147 1666 1227 1708 dea
1258 1680 1491 1722 pomorum
1516 1666 1737 1709 interdum
1763 1682 1842 1722 pro
1875 1668 1951 1709 hu-

1144 1738 1314 1780 bertate
1360 1752 1592 1793 pomorum
1642 1739 1948 1781 metonimicos

1099 1814 1101 1817 ’
1142 1810 1323 1865 ponitur
1350 1810 1466 1865 quod
1493 1809 1529 1851 si
1557 1813 1623 1852 est
1649 1809 1730 1864 hec
1755 1825 1944 1865 pomona

1142 1896 1330 1936 pomone
1382 1896 1616 1936 pomonam
1662 1885 1705 1923 et
1757 1882 1810 1923 ab
1863 1883 1945 1924 hoc

1142 1968 1332 2008 pomona
1364 1953 1443 1995 dea
1468 1953 1576 1995 facit
1608 1954 1830 2009 plurarem
1856 1969 1944 1996 non

1143 2025 1278 2067 habet

1085 2097 1300 2139 Pomones
1327 2112 1559 2153 pomorum
1592 2098 1793 2141 custodes

1084 2169 1269 2212 Porcam
1303 2172 1421 2211 terra
1454 2184 1537 2224 que
1570 2170 1687 2212 inter
1719 2185 1845 2213 sucos
1879 2175 1946 2213 est

1144 2241 1235 2283 lata
1267 2239 1412 2298 (Isid.)

1085 2312 1224 2355 Porro
1265 2316 1411 2355 autem
1445 2314 1700 2356 aduerbium
1733 2316 1944 2372 temporis

1084 2384 1220 2426 Porta
1264 2385 1441 2427 domum
1482 2386 1552 2427 uel
1597 2386 1769 2429 ianuam
1816 2388 1946 2431 inter-

1144 2457 1247 2498 dum
1279 2457 1498 2513 porticum

1085 2529 1348 2571 Portendere
1395 2530 1642 2586 significare
1689 2531 1853 2587 aliquid
1895 2533 1944 2574 de

1143 2600 1304 2644 futuris
1325 2601 1369 2642 id
1391 2605 1457 2644 est
1476 2616 1608 2657 porro
1632 2603 1808 2646 tendere
1834 2605 1945 2646 unde

1966 2551 2000 2575 30

281 2876 312 2908 1.
345 2884 439 2917 quas
466 2884 510 2907 ecc
536 2884 630 2916 quar
662 2884 753 2908 corr.
774 2874 785 2918 ΙΙ
806 2876 838 2908 3.
866 2875 985 2919 aput}
1020 2873 1256 2908 flammantia
1282 2876 1293 2920 ΙΙ
1322 2878 1353 2910 5.
1382 2876 1475 2921 aput
1509 2878 1514 2921 Ι
1550 2876 1738 2922 perfectus
1773 2876 1778 2924 Ι
1812 2876 1906 2912 uelis
1933 2884 1944 2928 [5

184 2937 216 2968 6.
244 2931 422 2967 scribitur
446 2931 580 2977 pithon
607 2934 664 2967 est
695 2932 947 2968 nicromantia
972 2933 1013 2968 id
1039 2935 1097 2969 est
1122 2933 1308 2968 diuinatio
1335 2936 1347 2978 Η
1373 2937 1404 2970 9.
1433 2934 1547 2970 alicui
1574 2948 1618 2971 ex
1643 2935 1788 2971 alienas
1815 2949 1906 2974 corr.
1933 2935 1944 2977 Η

186 2997 241 3028 10.
266 2993 420 3038 potest!
447 2991 742 3038 prophetadeest
764 2994 770 3035 Ι
798 2992 993 3039 uirgilium
1029 2995 1040 3038 Η
1080 2997 1134 3029 11.
1162 2993 1439 3039 coniugatiom‘s
1463 2998 1467 3039 Ι
1496 2995 1607 3043 tertie
1645 2997 1656 3041 ΙΙ
1695 3000 1750 3032 14.
1777 2996 1906 3033 Plotos
1933 2999 1944 3045 ff

186 3057 241 3089 17.
267 3054 374 3087 uates
407 3054 419 3096 ΙΙ
452 3055 506 3087 19.
532 3063 599 3097 pro
631 3053 642 3096 ΙΙ
681 3056 736 3088 21.
763 3051 1012 3097 multiloquus
1039 3065 1083 3088 ea:
1108 3053 1324 3088 multilocus
1351 3065 1441 3089 corr.
1477 3055 1483 3100 Ι
1514 3054 1740 3100 uaniloquus
1766 3068 1811 3092 ex
1837 3057 1942 3092 uani-

183 3112 287 3148 locus
315 3112 404 3148 corr.
427 3113 513 3157 1125.
542 3111 613 3147 dea
638 3123 835 3157 pomarum
857 3114 862 3156 1
884 3111 1144 3147 metominicos
1167 3114 1172 3158 Ι
1194 3112 1384 3158 plurarem
1409 3125 1453 3149 ex
1478 3113 1665 3160 pluralem
1691 3128 1781 3152 corr.
1808 3120 1819 3163 Η
