2216 3402
277 160 373 193 XXII
1007 159 1278 194 PRAEFATIO

276 269 444 324 glossas
478 272 520 310 et
553 269 812 322 Excerpta
851 268 1001 308 edidi.¹
1036 266 1223 310 Notulas
1263 283 1339 323 per
1372 283 1478 323 quas
1510 268 1652 311 fontes
1694 267 1936 310 indicantur
1968 268 2039 310 in·

276 340 434 394 glossis
456 339 656 381 Placidi
686 340 823 391 omisi,
844 338 917 379 ubi
939 342 1053 380 reete
1080 339 1338 393 praemissae
1359 343 1501 381 erant:
1530 340 1603 381 ubi
1626 339 1699 380 alii
1731 338 1844 380 fonti
1865 339 2013 399 glossa

278 410 521 452 Placidea
554 410 825 463 adscribitur,
857 413 1005 451 notam
1038 413 1138 464 post
1170 411 1360 465 glossam
1386 410 1535 452 adieci.
1591 410 1784 452 Eandem
1815 424 2011 452 normam

278 482 319 522 in
366 481 577 535 excerptis
618 483 788 522 secutus
831 481 1090 536 ubicumque
1129 485 1234 523 nota
1278 483 1325 523 (Ζο
1357 482 1412 536 yl.
1446 482 1556 522 iure·
1581 484 1780 535 recteque
1811 481 2014 536 ‘praefixa

279 555 362 604 est,
394 552 501 592 nihil
542 551 763 592 adnotavi:
799 551 835 592 si
869 566 976 606 quae
1010 552 1181 607 glossae
1214 567 1320 607 quas
1354 553 1546 607 excerpsi
1574 548 1665 593 ¹alia
1702 555 1807 593 nota
1837 554 2014 594 notatae

279 626 397 676 sunt,
431 623 471 663 id
513 623 1047 676 semperoadscribendum
1087 624 1242 665 curavi.
1309 623 1402 672 Qua
1440 624 1483 664 in
1518 638 1561 664 re
1594 623 1708 664 inter
1741 637 1812 664 eas
1845 622 2014 678 glossas

279 694 433 748 quibus
478 693 584 747 ipsis
627 694 726 734 illae
768 696 896 735 notae
935 694 1148 747 praefixae
1188 696 1289 735 sunt
1328 697 1371 735 et
1409 694 1577 749 glossas
1616 708 1667 734 ex
1705 694 1867 736 maiore
1907 693 2016 735 serie

279 779 460 818 quarum
493 764 632 818 prima
665 764 812 819 glossa
844 767 993 805 notam
1019 764 1151 805 habet
1184 764 1344 818 petitas
1374 764 1603 805 discrimen
1630 779 1723 805 esse
1748 763 1879 805 nolui.
1927 763 2015 805 Ali-

279 835 461 890 quoffies,
495 835 569 876 ubi
600 850 677 889 per
709 835 853 889 plures
885 836 1066 890 paginas
1106 834 1280 875 omnino
1313 834 1433 876 nulla
1464 838 1570 876 nota
1607 837 1750 876 exstat
1788 835 1833 876 in
1866 834 2017 877 codici-

280 908 371 961 bus,
405 906 562 961 glossis
594 909 743 948 notam
776 920 851 947 om.
885 906 1111 960 adscripsi,
1144 906 1305 946 maiore
1338 905 1649 960 probabilitate
1683 908 1809 948 notas
1843 906 2018 948 omnino

279 978 462 1019 omissas
491 992 618 1032 quam
646 992 790 1019 errore
817 976 927 1018 falso
955 976 1067 1018 fonti
1095 977 1228 1017 tribui
1256 979 1424 1018 tantam
1448 977 1693 1031 glossarum
1720 977 1879 1018 molem
1905 976 2019 1019 coni-

279 1049 405 1090 ciens.
469 1047 671 1089 Ceterum
714 1048 763 1089 de
805 1047 1226 1089 correctionibus
1266 1047 1366 1088 libri
1400 1046 1651 1102 Palatini,
1685 1062 1790 1102 quas
1832 1047 2020 1090 TSCHIE-

280 1131 447 1161 DELWS
493 1119 815 1161 accuratissime
850 1133 975 1173 posse
1012 1119 1277 1173 distinguere
1312 1118 1395 1159 sibi
1436 1118 1551 1159 visus
1592 1122 1676 1173 est,
1726 1118 1808 1160 hoc
1853 1134 2019 1173 moneo,

280 1191 328 1231 de
369 1190 692 1244 temporibus
733 1204 937 1231 manuum
976 1190 1118 1231 minus
1158 1190 1422 1231 confidenter
1460 1189 1639 1231 iudicari
1675 1204 1820 1244 posse,
1853 1190 1926 1232 sed
1958 1204 2022 1231 re-

281 1261 515 1302 centiorem
549 1260 682 1301 videri
717 1259 925 1314 quintam.
977 1257 1109 1300 Cuius
1143 1260 1486 1301 auctoritatis
1526 1261 1613 1301 sint
1658 1260 1757 1302 illae
1794 1260 2022 1302 correctio-

279 1347 367 1386 nes,
400 1331 514 1372 haud
547 1329 721 1372 difficile
756 1330 913 1372 collato
947 1330 1058 1372 libro
1085 1330 1327 1371 Parisino
1360 1331 1650 1387 intellegetur.
1682 1356 1731 1360 ——
1761 1331 1887 1373 Nunc
1919 1346 2019 1373 vero

283 1402 572 1456 quaerendum
599 1404 665 1442 est
697 1416 772 1442 0111·
804 1401 848 1441 111
881 1404 1003 1443 tanto
1037 1416 1214 1442 numero
1250 1402 1559 1455 exemplarium
1592 1402 1718 1443 huius
1756 1402 1882 1444 lexici
1915 1401 2020 1444 satis

282 1473 507 1514 habuerim
541 1472 619 1514 hos
652 1473 735 1513 duo
768 1472 902 1513 libros
937 1472 1136 1527 elegisse,
1170 1487 1277 1526 quos
1311 1471 1439 1513 duces
1473 1487 1682 1528 sequerer.

401 1546 426 1595 ξ
462 1544 526 1585 12.
580 1544 777 1598 Duplex
804 1544 978 1584 omnino
1011 1557 1146 1598 genus
1173 1543 1384 1584 librorum
1411 1546 1563 1597 exstat,
1596 1544 1752 1597 quibus
1781 1544 2021 1586 coniunctis

284 1615 406 1656 crisis
458 1615 702 1670 glossarum
753 1614 834 1655 niti
885 1614 1057 1669 poterit.
1126 1613 1195 1655 Ad
1239 1628 1332 1655 eam
1392 1614 1592 1669 classem,
1636 1615 1756 1656 0111113
1807 1614 2022 1669 optimum

284 1687 502 1740 exemplar
529 1686 719 1727 codicem
745 1685 1038 1739 Parisinum
1066 1700 1156 1726 esse
1183 1688 1308 1739 puto,
1340 1685 1562 1739 pertinent
1588 1685 1756 1727 codices
1784 1684 2022 1727 Cambra-

284 1757 469 1810 0011313,
497 1757 794 1811 Bernensis,
828 1756 1406 1811 Augustonemetensis,
1441 1754 1817 1811 Sangallensis,
1849 1755 2021 1809 Mon-a—

285 1824 472 1882 c'ensis3
511 1829 561 1869 ad
601 1828 782 1870 alteram
821 1828 1018 1881 classem,
1061 1827 1181 1869 cuius
1220 1828 1371 1869 ducem
1412 1842 1504 1868 esse
1535 1827 1660 1868 volui
1695 1827 2024 1882 Vaticanum,

285 1899 502 1953 pertinent
541 1900 708 1941 codices
748 1899 1144 1954 Ambrosianus,
1181 1898 1601 1953 BambergensiS,
1640 1901 1862 1952 praeterea
1900 1897 2022 1940 Vin·
2080 1943 2089 1950 ,

286 1969 577 2011 docinensis
624 1974 666 2011 et
711 1970 1047 2022 Turonensis,
1093 1969 1278 2010 fortasse
1323 1969 1454 2010 etiam
1499 1967 1869 2010 Vercellensis:
1914 1983 2022 2023 quos

287 2042 452 2083 codices
485 2056 597 2083 1111110
630 2042 776 2095 paucis
811 2041 1021 2083 tractabo.
1867 2031 1870 2034 ⁴

406 2111 548 2154 Codex
581 2111 973 2154 Cambracensis
1007 2112 1092 2153 633
1127 2110 1197 2167 (cf.
1221 2112 1269 2151 A.
1289 2109 1353 2151 LE
1376 2109 1508 2151 GLAY
1540 2108 1792 2165 ‘Catalogue
1820 2110 1893 2152 des
1920 2124 2022 2152 mss.

287 2183 337 2224 de
371 2183 411 2224 la
444 2183 545 2224 bibl.
580 2183 629 2223 de
660 2181 877 2224 Cambrai’
917 2198 952 2224 a.
983 2180 1114 2239 1831)
1154 2181 1312 2223 saeculi
1344 2179 1449 2221 VIII
1484 2180 1698 2234 exeuntis,
1734 2181 1813 2222 191
1849 2180 2021 2236 paginis

288 2253 624 2295 membranaceis
663 2253 763 2294 libri
803 2254 1048 2308 glossarum
1086 2253 1255 2294 litteras
1295 2250 1447 2292 M—Y
1481 2252 1684 2293 continet.
1749 2251 1875 2293 Hunc
1907 2252 2017 2293 codi-

289 2339 380 2366 cem
426 2340 460 2365 a.
498 2326 604 2365 18111
653 2324 779 2365 lenae
822 2324 998 2365 contuli.
1061 2323 1263 2365 Ceterum
1308 2322 1547 2364 similitudo
1594 2336 1700 2376 quae
1745 2323 1860 2364 inter
1908 2322 2023 2364 hunc

289 2396 447 2436 librum
489 2398 531 2436 et
569 2395 862 2436 Parisinum
900 2394 1129 2436 intercedit
1169 2396 1291 2435 tanta
1323 2395 1406 2447 est,
1438 2396 1487 2434 ut
1519 2394 1668 2435 eodem
1699 2393 1788 2434 fere
1828 2395 2022 2446 tempore

290 2481 339 2507 ex
373 2467 522 2506 eodem
556 2480 650 2506 cum
684 2465 758 2507 illo
791 2466 910 2507 fonte
944 2466 1232 2519 transcriptus
1266 2479 1358 2506 esse
1391 2465 1599 2506 videatur.

410 2535 552 2577 Codex
580 2536 859 2577 Bernensis
892 2538 942 2577 16
976 2537 1046 2580 (cf.
1074 2536 1297 2578 HAGENVS
1324 2536 1369 2576 in
1396 2535 1607 2590 catalogo,
1640 2534 1736 2575 dein
1763 2534 1891 2576 variis
1918 2533 2025 2576 locis

293 2608 448 2648 Aneecl.
476 2607 616 2659 Helv.,
650 2607 864 2649 Lonwws
898 2607 1043 2649 Prodr.
1077 2623 1113 2661 p.
1137 2608 1242 2661 2:25,
1273 2606 1522 2649 VsENERvs
1556 2605 1662 2647 Mus.
1696 2604 1831 2646 Rhen.
1865 2605 1946 2646 vol.
1967 2605 2025 2647 24

293 2694 329 2732 p.
365 2676 475 2733 385)
528 2679 878 2719 membranaceus
930 2678 1086 2719 saeculi
1138 2677 1223 2731 IX,
1274 2677 1441 2718 litteras
1493 2675 1644 2718 A—E
1701 2675 1906 2717 continet.
1973 2675 2025 2717 In

293 2749 364 2789 fol.
392 2749 498 2789 —fflfb
539 2749 746 2802 scriptum
787 2752 851 2790 est
893 2748 1050 2789 litteris
1093 2748 1352 2802 capitalibus
1392 2746 1567 2788 LIBER
1607 2745 1942 2800 GLOSARVM,
1980 2746 2026 2787 in

295 2820 487 2873 margine
528 2823 739 2860 extremo:
780 2818 989 2861 HICEST
1028 2818 1204 2860 LIBER
1243 2817 1451 2860 SANCTI
1494 2815 1813 2859 BENEDICTI
1851 2815 2027 2858 ABBA—

294 2889 381 2930 'Hs
418 2889 863 2945 FLOHIACENSIS,
902 2905 1008 2944 quae
1042 2891 1172 2931 verba
1210 2889 1341 2932 etiam
1381 2888 1476 2930 aliis
1509 2888 1615 2930 locis
1655 2890 1837 2929 exstant.
1898 2886 2026 2929 Hunc

295 2960 483 3001 codicem
516 2960 639 3001 Ionae
675 2961 1062 3002 GVNDERMANNVS
1096 2964 1139 3001 et
1170 2974 1249 3015 ego
1278 2954 1559 3001 contulimus:
1599 2973 1648 2999 ex
1676 2973 1760 3013 qua
1793 2958 2023 3000 collatione

297 3031 487 3071 intellexi
515 3031 773 3084 scripturam
800 3032 888 3073 fere
914 3032 1073 3085 ubique
1099 3030 1283 3072 fideliter
1304 3045 1399 3071 cum
1428 3029 1571 3072 codice
1594 3029 1832 3070 Parisino
1859 3028 2026 3083 conspi-

297 3115 402 3155 rare,
435 3103 481 3141 ut
514 3101 604 3142 eius
638 3102 950 3157 discrepantiae
984 3103 1036 3143 ab
1070 3103 1281 3156 apparatu
1313 3100 1438 3142 facile
1471 3100 1620 3142 abesse
1651 3099 1834 3155 possint.
