2175 3428
685 113 941 150 EXCERPTA
967 113 1032 148 EX
1057 114 1202 149 LIBRO
1229 113 1520 151 GLOSSARVM
1892 113 1978 155 233

225 224 456 280 Perpetem
486 226 745 280 perpetuum
1122 224 1304 267 Pilentis
1350 224 1488 267 uectis
1527 224 1602 266 ubi
1646 223 1840 280 uirgines
1884 238 1979 278 por-

227 296 428 338 Persicus
449 296 525 352 qui
550 296 800 352 frequenter
825 296 989 352 aliquid
1011 311 1083 352 pa·
1181 299 1331 339 tantur

284 367 394 410 titur
1122 368 1285 411 Pilleus
1331 368 1512 411 masculi
1556 367 1771 410 nomelius
1820 382 1979 423 quuam

224 439 501 482 Perstomata
532 440 744 496 tegimina
775 440 975 483 acubitus
1181 443 1337 482 nentro
1365 440 1535 494 antiqui
1561 439 1802 482 masculino
1828 438 1981 481 usitati

225 512 526 554 Perstromata
558 512 733 568 gemina
1183 515 1285 554 sunt
1316 510 1520 568 pillens2)
1553 512 1722 554 dicatur

187 597 203 623 5
225 584 472 626 Persuastri
503 583 784 640 persuasione
1122 583 1352 626 Pilumnus
1386 599 1494 626 auus
1521 584 1640 625 turni
1672 598 1798 640 grece
1831 599 1981 626 ramen

223 655 453 698 Pertesum
478 660 518 706 Bc
538 656 709 698 deserta
728 656 825 699 loca
844 658 888 698 et
908 658 1082 698 noctem
1182 655 1402 711 significat
1445 655 1556 697 unde
1603 657 1646 697 et
1689 656 1873 711 propina
1914 658 1981 698 est

281 731 403 785 petet
432 730 655 784 pertesum
684 727 795 770 lucis
1181 728 1389 783 appellati

223 799 501 857 Petagnicios
550 800 876 842 bizantinorum
932 798 1084 856 lingua
1123 800 1410 842 Pinnaculum
1426 799 1612 841 altitudo
1627 798 1806 854 parietis
1822 799 2034 842 excelsi‘25

281 872 504 915 ianuarius
538 871 699 914 mensis
732 872 892 914 dicitur
1121 871 1380 914 Pincernam
1413 886 1491 927 pro
1526 886 1610 927 quo
1643 885 1723 913 nos
1755 871 1982 926 posuimus

222 944 398 987 Peticus
432 944 506 1001 qui
540 946 658 986 amat
688 947 836 999 petere
869 945 1060 986 alienum
1182 945 1424 1000 principem
1449 943 1720 985 uinariorum
1749 943 1796 985 in
1820 943 1981 985 hebreo

221 1015 453 1074 Petitrixl)
487 1031 649 1072 sequax
682 1020 726 1059 et
758 1031 954 1072 prouono
982 1011 1083 1060 dici—
1184 1017 1398 1060 scribtum
1448 1016 1583 1066 habet
1633 1015 1809 1057 masech
1854 1030 1982 1071 quem

282 1092 355 1131 tur
387 1104 550 1145 sequax
1180 1104 1260 1131 nos
1291 1088 1519 1145 posuimus
1553 1102 1672 1130 more
1698 1087 1882 1143 uulgato
1909 1103 1982 1130 uo-

169 1172 201 1197 10
222 1160 400 1203 Petrino
434 1160 612 1203 cultello
646 1176 698 1203 ex
730 1160 873 1216 lapide
906 1161 1024 1204 facto
1181 1176 1277 1203 care
1307 1160 1560 1215 pincernam
1586 1175 1666 1202 nec
1692 1159 1777 1202 uile
1804 1163 1984 1215 putetur

222 1232 399 1275 Petulce
431 1233 633 1288 petulans
665 1234 811 1288 petule
1182 1232 1376 1276 officium
1422 1246 1520 1274 cum
1566 1234 1672 1286 aput
1717 1246 1841 1287 reges
1887 1233 1982 1274 bar-

223 1304 392 1347 Petulci
424 1307 623 1361 petentes
657 1308 732 1347 aut
764 1305 895 1348 ilai-cs
1181 1306 1311 1347 baros
1337 1319 1474 1359 usque
1502 1304 1598 1346 odie
1632 1304 1818 1346 maxime
1846 1305 1983 1361 digni-

222 1376 413 1419 Petultio
446 1377 647 1419 iniuriosi
680 1378 806 1419 stulti
1182 1377 1287 1420 tatis
1310 1377 1368 1419 sit
1388 1375 1481 1432 regi
1502 1375 1708 1430 poculum
1733 1377 1980 1431 porrexisse

223 1449 414 1491 Petulcis
446 1449 779 1492 lasciuientibus
1122 1449 1306 1506 Pinguis
1322 1462 1500 1505 grassus
1515 1462 1617 1489 nam
1633 1448 1790 1490 obesus
1805 1448 1903 1504 plus
1917 1452 1984 1491 est

169 1531 203 1557 15
222 1520 451 1564 Petulcum
482 1521 767 1564 libidinosum
1182 1536 1313 1577 quam
1333 1520 1509 1577 pinguis
1526 1520 1696 1562 catulus
1716 1520 1778 1562 ait
1797 1523 1873 1563 aut
1892 1521 1985 1576 pin-

220 1591 447 1635 Petulcum
498 1594 771 1637 luxuriosum
817 1598 893 1637 aut
936 1596 1081 1638 totum
1181 1594 1279 1652 guis
1305 1593 1442 1636 ubera
1465 1594 1541 1634 aut
1562 1592 1720 1634 obesus
1742 1594 1785 1634 et
1805 1607 1984 1648 grossus

281 1668 490 1721 appetens
1122 1667 1275 1709 Pinnis
1296 1667 1447 1721 raptus
1468 1666 1690 1707 secutores
1716 1664 1983 1720 gladiatores

223 1737 452 1780 Petulcum
484 1738 697 1782 lasciuum
1183 1754 1233 1781 eo
1267 1738 1381 1793 quod
1415 1736 1561 1792 pinnis
1594 1736 1769 1792 rapiant

221 1809 429 1852 Petulcus
462 1810 652 1853 lasciuus
1121 1811 1278 1866 Pipolo
1312 1809 1510 1852 conuicio

224 1881 410 1937 Pigredo
443 1881 626 1938 pigritia
1123 1884 1271 1925 Piram
1304 1881 1553 1938 congeriem
1590 1881 1812 1937 lignorum
1849 1881 1982 1938 uirgi-
2005 1888 2038 1913 30

170 1964 203 1990 20
223 1952 410 2009 Pigredo
442 1956 596 2009 torpor
629 1957 782 2011 stupor
1181 1956 1266 1997 lius
1282 1955 1490 2011 pinguem
1505 1953 1615 1995 tedis
1631 1956 1674 1995 et
1691 1954 1848 1996 robore
1864 1957 1983 1997 secto

224 2025 322 2067 Pila
352 2025 526 2081 proprie
554 2026 714 2069 dicitur
741 2062 748 2069 .
771 2060 808 2070 ..
836 2028 990 2083 prebet
1017 2027 1083 2085 (cf
1180 2025 1983 2083 ingenteminsacsoxerepiram(Isz'd.)

282 2097 386 2140 Isid.
414 2097 593 2141 XVIII
613 2096 688 2156 69)
726 2099 983 2155 peritissimi
1022 2100 1082 2142 lu-
1123 2099 1339 2142 l‘iraticus
1373 2097 1580 2140 subaudis
1613 2100 1689 2139 aut
1722 2101 1864 2141 caster

284 2184 403 2212 sores
435 2170 579 2212 habiti
611 2174 714 2213 sunt
747 2171 909 2215 coelius
944 2172 1083 2227 adque
1122 2171 1374 2214 Pisculenta
1405 2169 1598 2225 piscibus
1633 2170 1811 2225 copiosa

283 2241 471 2284 uiturius
512 2242 563 2284 de
597 2243 734 2286 coelio
776 2244 837 2287 sic
877 2243 983 2286 dicit
1021 2244 1082 2285 lu-
1123 2241 1526 2286 Pisculentissimus
1577 2242 1846 2297 pisculentus
1898 2244 1983 2298 pis-

284 2313 409 2356 cilius
449 2313 612 2356 coelius
656 2315 860 2358 conlusor
901 2316 1084 2372 galloni·
1182 2330 1309 2359 cosus

284 2400 433 2428 scurra
453 2385 677 2442 trigonum
699 2402 796 2430 cum
816 2388 937 2430 ludet
964 2388 1083 2431 solus
1120 2388 1315 2430 Pistores
1342 2390 1512 2429 ueteres
1539 2402 1627 2429 non
1656 2387 1882 2429 molitores
1910 2388 1983 2430 sed

282 2458 403 2500 ludet
435 2460 480 2499 et
512 2457 658 2500 eludet
1181 2460 1370 2516 pistores
1417 2459 1622 2502 dicebant
1667 2459 1792 2515 quasi
1842 2459 1983 2515 pinsa-

321 2588 356 2632 1)
388 2586 420 2621 ti
444 2598 472 2623 s.
497 2599 565 2625 scr.
591 2593 678 2625 m.2
710 2590 721 2634 ΙΙ
753 2590 790 2633 2)
822 2602 847 2624 n
872 2591 914 2625 in
939 2602 963 2625 u
989 2594 1075 2627 m.2
1102 2602 1195 2627 corr.
1227 2592 1239 2636 ΙΙ

321 2700 352 2731 3.
381 2686 578 2731 accubitus
603 2698 615 2741 ΙΙ
647 2700 678 2732 4.
706 2696 943 2732 Perstomata
968 2699 980 2743 ΙΙ
1013 2702 1044 2734 6.
1073 2698 1166 2744 uirg.
1194 2699 1271 2734 cod.
1292 2699 1303 2743 ΙΙ
1338 2701 1369 2733 9.
1396 2698 1564 2744 probono
1590 2710 1635 2734 ex
1659 2709 1826 2743 prouono
1852 2709 1943 2734 corr.
1973 2699 1984 2745 ΙΙ

228 2759 281 2791 11.
307 2755 467 2791 Peculce
489 2755 494 2802 Ι
522 2756 698 2801 petulans
725 2768 769 2792 ex
793 2757 968 2802 petulans
995 2758 1169 2803 petulans
1196 2769 1287 2794 corr.
1320 2760 1332 2802 ΙΙ
1366 2761 1421 2794 12.
1447 2757 1577 2793 Peculi
1600 2759 1604 2803 Ι
1634 2757 1773 2792 hilares
1799 2769 1843 2793 ex
1869 2757 1982 2793 ilares

228 2826 319 2850 corr.
339 2815 351 2859 ll
372 2818 426 2850 13.
453 2814 626 2850 Peculcio
646 2818 657 2860 ΙΙ
679 2819 734 2852 14.
761 2816 931 2852 Peculcis
954 2817 958 2865 Ι
981 2817 1269 2854 lasciuientibus
1295 2829 1339 2853 eoe
1365 2816 1653 2852 lascibientibus
1679 2829 1771 2853 corr.
1793 2820 1803 2863 ΙΙ
1831 2821 1886 2854 15.
1914 2818 1981 2853 Pe—

178 2921 181 2924 Ι
226 2873 369 2909 cultum
401 2877 413 2919 ΙΙ
445 2878 500 2910 16.
527 2875 723 2911 Pecultum
746 2878 750 2921 Ι
778 2875 1013 2913 luxuriosum
1038 2889 1083 2914 θα)
1107 2876 1339 2913 luxoriosum
1364 2888 1456 2912 corr.
1486 2876 1491 2923 Ι
1520 2877 1694 2911 autotum
1724 2878 1736 2923 ΙΙ
1770 2881 1823 2913 17,
1851 2877 1981 2913 Pecul-

225 2935 306 2969 tum
336 2935 348 2979 ΙΙ
382 2937 436 2970 18.
463 2934 640 2970 Pecultus
671 2937 683 2981 ΙΙ
714 2939 770 2972 21.
797 2935 872 2971 isid.
897 2939 973 2974 cod.
1005 2941 1017 2983 ΙΙ
1048 2942 1105 2974 22.
1132 2937 1302 2973 Pilentus
1333 2939 1345 2982 ΙΙ
1376 2940 1434 2972 23.
1461 2947 1575 2981 quam
1598 2938 1602 2981 Ι
1624 2938 1757 2972 neutro
1780 2939 1785 2981 Ι
1807 2937 1944 2983 pilleus
1971 2938 1982 2986 ΙΙ

226 2997 282 3029 24.
309 2993 436 3039 famen
471 2996 476 3037 Ι
509 2994 678 3040 apellata
703 3007 748 3031 ecc
774 2996 932 3042 apellati
964 3009 1054 3034 corr.
1093 3000 1106 3043 ΙΙ
1143 3001 1199 3033 25.
1227 2996 1416 3032 excelsum
1453 2997 1464 3041 ΙΙ
1502 2999 1559 3031 26.
1591 2996 1785 3042 posuimus
1817 3009 1861 3034 ex
1896 3009 1980 3044 pos-

227 3052 368 3088 suimus
395 3065 486 3089 corr.
510 3055 514 3098 Ι
538 3053 648 3089 ebreo
672 3054 675 3101 Ι
706 3055 886 3101 scriptum
909 3061 914 3101 Ι
935 3057 1048 3093 hodie
1074 3069 1118 3094 ex
1144 3056 1228 3092 odie
1253 3068 1347 3093 corr.
1379 3058 1391 3100 ΙΙ
1423 3060 1478 3092 27.
1506 3056 1720 3092 nabobesus
1752 3059 1764 3104 ΙΙ
1795 3061 1852 3094 28.
1880 3069 1982 3093 seca—

226 3114 325 3147 tores
345 3115 357 3159 ΙΙ
377 3116 433 3149 29.
449 3113 615 3149 conuitio
635 3117 645 3159 ΙΙ
666 3118 722 3150 30.
743 3114 1040 3163 incoxerepiram
1059 3130 1103 3154 ex
1122 3115 1464 3163 incosuxerepiram
1478 3128 1568 3154 corr.
1590 3119 1601 3163 ΙΙ
1621 3121 1676 3153 31.
1698 3118 1737 3153 et
1755 3119 1767 3165 ΙΙ
1787 3121 1842 3155 34.
1865 3117 1980 3164 pinsi-
