2221 3490
257 172 344 216 462

256 282 510 338 Isquitallus
550 294 656 336 puer
694 294 792 323 cum
830 280 1019 335 primum
1060 278 1113 321 ad

317 369 384 396 res
418 353 583 395 accedit

258 426 425 468 Itarum
459 424 695 466 danubium
727 423 885 465 istrum

258 497 437 538 Italicus
471 495 627 538 ciuitas
660 496 705 536 in
736 495 887 550 tripoli

220 567 222 569 ’
257 568 463 610 Iubilatio
491 567 650 609 dicitur
677 582 773 608 cum
801 566 941 608 cordis
970 565 1112 620 letitia

317 640 403 682 oris
437 639 626 681 efficatia
657 653 744 680 non
777 638 1004 692 suppletur

221 722 237 747 5
256 711 411 767 Iugam
444 710 643 765 copulem

255 783 459 839 Iugerum
480 782 614 824 habet
633 782 679 823 in
695 780 967 837 longitudine
982 780 1111 834 pedes

317 867 406 897 CXL
440 855 485 895 in
516 853 747 895 latitudine
780 853 908 907 pedes
942 864 1031 894 cxx

256 926 412 982 lugula
445 926 562 967 sidus
596 925 759 966 ariunis

257 998 425 1054 lugitas
459 996 690 1039 assiduitas

257 1070 383 1126 lugia
416 1069 589 1110 assidua

205 1152 237 1177 10
256 1141 412 1197 lugula
463 1140 590 1182 stella
642 1154 725 1194 que
777 1153 902 1194 grece
953 1138 1112 1180 dicitur

318 1211 440 1254 orion

256 1283 427 1325 Iuncias
461 1285 612 1324 tenues

257 1355 452 1411 Iuppites
484 1353 786 1395 habundanter

257 1426 436 1482 Iuppres
463 1440 621 1467 nomen
642 1428 709 1467 est
727 1426 855 1467 unius
882 1425 1113 1481 gentilium

318 1499 496 1540 deorum

258 1569 499 1612 Iussorium
531 1569 600 1610 lex
632 1569 827 1624 precepti

207 1727 238 1751 15
259 1712 489 1755 Kaltulum
522 1712 566 1753 in
599 1727 682 1767 quo
722 1712 882 1754 mortui
917 1712 1113 1754 deferun-

319 1789 389 1827 tur
432 1785 502 1826 uel
540 1784 748 1826 uestitum
787 1783 995 1825 detritum
1038 1799 1114 1825 seu

317 1857 501 1898 linteum

260 1928 523 1970 Karinantes

319 2001 468 2041 dentes

588 1927 831 1968 inludentes
887 1928 957 1969 uel
1013 1928 1114 1969 inri-

260 2071 532 2113 Kacloristas
544 2070 847 2125 inseparabilis
860 2085 1032 2127 grecum
1046 2075 1113 2114 est

260 2142 480 2198 Kariphus
513 2142 624 2184 falsa
656 2143 802 2197 opinio

259 2285 446 2328 Labinia
479 2289 616 2328 mater
648 2287 807 2329 romuli
839 2289 882 2328 et
913 2285 1068 2328 remuli

209 2372 243 2394 κο
262 2357 428 2399 Labina
459 2358 581 2413 lapso
613 2358 767 2400 limum
799 2361 912 2412 terre

260 2428 508 2470 Labiscitur‘
549 2429 754 2471 discurrit
792 2429 1009 2471 diducitur

260 2499 429 2541 Labina
459 2500 630 2542 labrum
663 2499 850 2542 inferens

261 2571 456 2614 Labucra
486 2572 592 2613 uitis
626 2571 810 2628 agrestis
843 2587 928 2613 uua
955 2586 1036 2627 que
1068 2572 1114 2613 in

322 2643 436 2698 sepis
468 2644 662 2685 nascitur

263 2713 441 2755 Labella
472 2714 674 2770 exagium
705 2717 873 2757 rectum
909 2716 1022 2757 idest
1055 2718 1114 2757 te—

321 2786 518 2828 runcium

210 2869 243 2894 25
264 2856 350 2898 Lac
382 2857 493 2898 lacte

798 168 1053 205 EXCERPTA
1079 168 1143 203 EX
1169 167 1362 204 GLOSSIS
1389 168 1420 203 A
1441 167 1473 202 A

1151 278 1286 321 Lacer
1318 279 1480 321 curatis
1513 278 1689 320 auribus

1150 350 1324 392 Lacerti
1356 351 1540 392 murices
1573 350 1619 391 in
1649 350 1839 392 brachiis

1150 421 1394 464 Lacernum
1427 421 1542 463 stola
1575 424 1650 463 aut
1680 421 1817 463 uestis

1151 492 1359 535 Lacertus
1392 493 1588 534 muscula
1618 492 1895 535 brachiorum

1149 564 1345 607 Lacertis
1378 564 1563 606 murices
1595 564 1874 606 brachiorum

1149 636 1441 678 Lacertuosus
1474 636 1748 678 musculosus

1149 708 1344 751 Lacertis
1377 707 1544 750 brachii
1577 722 1652 750 seu
1684 707 1840 749 murici

1150 779 1276 822 Lacit
1308 779 1450 821 inlicit
1483 779 1635 821 incidit

1152 851 1331 893 Laetare
1364 850 1674 893 circumuenire

1150 922 1331 964 Lamina
1361 923 1558 977 plumbia
1590 926 1665 964 aut
1698 922 1889 964 aliundet
2024 935 2058 959 35

1150 994 1333 1036 Lamina
1365 1009 1468 1036 seua
1500 994 1569 1035 uel
1602 993 1723 1036 ferox
1788 1049 1793 1054 .

1150 1065 1359 1108 Lamcina
1396 1069 1493 1107 cute
1533 1066 1691 1107 asculis
1731 1065 2004 1107 mordacibus

1210 1138 1448 1180 laceratum

1150 1209 1303 1251 Lamia
1336 1224 1438 1251 seua
1468 1209 1539 1250 uel
1570 1208 1692 1250 ferox

1150 1280 1390 1336 Lanicoqui
1428 1281 1668 1336 piscatores
1704 1281 1903 1322 kartores
1936 1280 2004 1322 his

1211 1353 1559 1408 cuppidinaricos
1604 1355 1647 1394 et
1690 1351 1855 1394 sarsore
1906 1352 2006 1394 diei-

2022 576 2058 601 30

1211 1440 1307 1467 mus
1341 1425 1415 1480 qui
1446 1424 1579 1479 pallia
1616 1424 1762 1466 facent
1792 1427 1843 1465 ut
1873 1423 2006 1465 inme-

1211 1497 1310 1539 liori
1349 1511 1429 1538 usu
1468 1496 1619 1552 sagina
1661 1496 1816 1551 pinges
1855 1510 2005 1538 caseus

1211 1572 1378 1611 artores

1152 1640 1409 1683 Laceratum
1442 1640 1556 1694 quod
1587 1639 1711 1695 uulgi
1747 1639 2005 1682 laciniosum
2024 1651 2059 1676 40

1212 1713 1362 1755 dicunt

1152 1783 1392 1826 Lancinata
1418 1786 1514 1826 cute
1542 1783 1622 1825 olis
1650 1783 1867 1825 morsibus
1897 1782 2005 1825 lace-

1210 1859 1353 1898 ratum

1151 1928 1278 1970 Lanii
1311 1927 1549 1970 macellarii

1136 1998 1398 2056 Lanigenos
1431 2000 1574 2054 apices
1607 1999 1752 2054 capita
1785 1999 1970 2040 arietum

1151 2070 1334 2126 Lapsari
1366 2071 1509 2126 sepius
1542 2071 1652 2112 lauit

1151 2142 1372 2198 Laqueare
1405 2142 1577 2184 uincere
1610 2141 1791 2197 alligare

1150 2213 1237 2256 Lar
1269 2214 1422 2255 domus
1454 2213 1640 2256 honesta
1743 2203 1748 2208 .

1151 2285 1432 2342 Largiuscule
1464 2285 1630 2341 largius

1152 2357 1399 2399 Lasciscere
1431 2357 1594 2398 lassare

1152 2428 1350 2470 Larualis
1401 2426 1604 2484 purgatio
1650 2427 1881 2470 demonum
1929 2427 2007 2469 illa

2024 2150 2059 2175 45

1210 2500 1413 2556 purgatio

1151 2570 1386 2613 Laruatam
1411 2571 1470 2627 sss
1500 2571 1654 2613 insana
1704 2586 1832 2626 quam
1882 2571 2006 2613 larua
2025 2582 2059 2608 50

1211 2643 1454 2699 contigerat

1152 2714 1349 2756 Larualis
1381 2714 1632 2756 demoniosa

1151 2785 1336 2827 Laterne
1393 2786 1640 2828 arculesunt
1689 2785 1806 2828 uitro
1860 2785 2003 2827 clause

1211 2857 1329 2899 intra
1373 2872 1478 2912 quas
1523 2859 1743 2912 ponuntur
1788 2856 2004 2900 ciceclelia

361 3037 413 3068 1⁶2.
441 3032 608 3078 Iuppiter
634 3035 653 3069 b
673 3036 684 3078 ss
707 3036 759 3069 18.
786 3033 1010 3078 Kathyphus
1038 3034 1057 3067 la
1078 3035 1164 3078 1123.
1192 3033 1382 3068 Labrusca
1408 3034 1459 3069 ab
1478 3035 1489 3078 ΙΙ
1510 3037 1565 3069 31.
1592 3032 1740 3068 Lacerti
1765 3034 1785 3069 b
1805 3035 1816 3079 ΙΙ
1835 3036 1891 3068 32.
1917 3032 2001 3068 bra-

265 3091 357 3125 chiis
378 3103 441 3126 seu
462 3092 663 3127 muricibus
685 3094 704 3127 b
724 3096 735 3137 ΙΙ
756 3097 809 3127 33.
838 3092 972 3128 indicit
992 3106 1013 3128 α
1033 3095 1045 3138 ss
1065 3097 1120 3129 35

264 3150 485 3196 pinguescat
511 3163 574 3186 seu
602 3153 761 3187 sartores
789 3154 842 3188 ab
866 3155 870 3199 Ι

1143 3093 1294 3128 aliunde
1315 3095 1365 3129 ab
1386 3095 1398 3139 Η
1417 3097 1473 3128 39.
1501 3093 1659 3128 farsorcs
1681 3094 1732 3129 ab
1753 3095 1759 3139 Ι
1781 3091 1926 3128 faciunt
1945 3105 1968 3128 α
1995 3093 2000 3141 Ι
