2221 3490
231 178 318 220 586
474 175 730 213 EXCERPTA
754 175 820 209 EX
846 174 1018 210 CODICE
1044 174 1291 210 VATICANO
1318 173 1425 210 REG.
1454 173 1637 211 CHRIST.
1663 178 1731 209 215

231 286 391 341 Scedae
425 285 626 328 dicuntur
659 299 767 340 quae
806 284 989 326 necdum
1020 299 1082 327 re·
1179 298 1279 339 pere
1311 298 1399 325 non
1430 283 1678 326 ualentibus
1704 283 1829 326 ualde
1862 284 1974 326 salu-

289 359 411 411 dacte
433 359 534 399 sunt
558 357 602 398 in
621 356 744 398 libris
768 356 841 398 sed
867 356 1083 399 habentur
1179 356 1279 397 bres
1312 357 1355 397 et
1388 355 1594 397 scribitur
1627 354 1718 397 sine
1752 370 1814 410 .p.

289 432 332 471 et
365 428 647 470 emendantur
678 427 724 470 in
756 428 889 470 cartis

231 500 495 543 Sal-minium
529 499 754 542 cel-folium
1121 485 1386 529 Vallematia
1412 489 1513 528 sunt
1538 486 1793 528 inhonestae
1814 485 1976 528 cantio-

171 598 173 601 ·
230 572 395 615 Senoca
433 571 702 614 continuatio
744 571 842 613 inde
885 586 982 614 seca
1022 572 1082 612 in·
1179 573 1255 600 nes
1289 561 1332 600 ‘³¹⁵
1364 557 1556 600 carmina
1587 560 1630 599 effi
1660 557 1756 599 1003*
1788 556 1933 612 turpia

288 644 471 686 firmitas
493 642 711 684 cotidiana
734 657 864 698 quam
880 645 1081 698 corrupte

288 729 485 758 senecam
518 717 677 757 uocant

229 786 446 842 Skybalae
478 788 584 829 bace
618 786 821 829 stercoris
853 785 1033 827 humani

1121 688 1252 731 Zetae
1278 689 1487 731 hiemales
1515 690 1616 730 sunt
1637 688 1789 730 domus
1816 688 1976 730 hiema-

1178 762 1240 803 les
1275 776 1383 816 quae
1423 760 1558 814 calide
1592 759 1839 802 efficiuntur
1879 759 1975 801 sub-

1179 832 1320 874 ductis
1372 831 1558 874 flammis
1604 831 1716 886 quod
1759 846 1862 873 uero
1908 833 1975 873 est

191 918 206 943 5
229 906 467 948 Thesseres
501 908 709 961 quattuor
738 905 849 946 unde
877 907 944 946 est
975 904 1082 946 illud
1180 903 1334 946 melius
1367 907 1484 945 zetae
1517 903 1725 944 hiemales
1756 905 1858 944 sunt
1889 902 1974 944 bri-

287 981 376 1019 tres
421 978 638 1019 thesseres
682 976 918 1018 kedecades
970 975 1082 1017 idest
1180 976 1345 1018 tischae
1394 977 1540 1016 austro
1587 974 1810 1029 appositae
1854 976 1974 1016 zetae

286 1052 352 1091 ter
384 1061 487 1090 X1111
521 1049 823 1105 generationes
1181 1047 1412 1088 aestiuales
1451 1048 1553 1088 sunt
1585 1044 1821 1087 britischae
1858 1045 1975 1100 aqui-

227 1121 423 1176 Tysanae
458 1120 642 1163 exordeo
675 1120 786 1161 fiunt
825 1134 961 1176 genus
994 1119 1082 1175 pla·
1179 1118 1270 1160 loni
1315 1117 1539 1173 appositae
1585 1117 1724 1159 dictae
1763 1132 1789 1158 a
1826 1115 1975 1158 simili-

288 1195 410 1246 cente
438 1191 602 1248 egrotis
631 1190 816 1234 solidum
844 1190 990 1233 cibum
1018 1205 1083 1232 ca·
1181 1189 1330 1232 tudine
1363 1192 1454 1232 zete
1488 1189 1659 1231 litterae
