2175 3428
593 154 850 189 EXCERPTA
875 154 940 188 EX
965 153 1108 189 LIBRO
1136 153 1428 189 GLOSSARVM

130 264 411 320 Inergumina
443 264 695 306 demoniaca
706 263 738 321 ¹)

132 335 316 377 Inermis
350 335 442 378 sine
477 351 598 378 arma
631 336 738 378 alias
772 337 911 378 nudus

132 406 376 450 Inertiosus
409 408 534 465 piger
567 423 721 464 segnes
754 408 904 449 tardus

131 478 453 521 Inextimabilis
487 480 767 521 extimatione
801 494 950 521 carens

95 561 111 586 5
131 550 487 593 Inextricabilem
518 551 871 606 inexplicabilem

131 622 400 666 Infabricata
430 637 519 664 non
548 622 777 677 conposita
801 653 807 658 .

130 694 295 737 Infalso
327 710 415 737 non
447 690 558 736 falso

130 766 307 808 Infatua
337 781 426 808 non
458 765 650 808 fatuabit
681 765 776 807 fatu
809 765 931 808 effice

130 838 307 880 Infatua
331 852 419 880 non
445 838 566 880 fatua
586 838 701 880 salsa
725 840 800 879 aut
821 838 990 879 fatuum

191 910 327 952 efficit

79 992 112 1017 10
130 982 226 1024 Infe
257 982 400 1037 incipe
433 982 500 1024 dic
532 996 662 1023 narra

130 1054 358 1097 Interciale
391 1053 709 1096 inlacrimabile

129 1125 283 1168 Infinis
317 1126 462 1168 (licens

131 1197 412 1240 Infinitabilis
445 1198 660 1255 negabilis

131 1269 385 1312 Infitiabilis
416 1270 633 1326 negabilis
668 1269 786 1327 (om.)

81 1350 112 1376 15
131 1341 322 1384 Infitiale
360 1341 429 1383 ius
470 1341 697 1384 infandum
735 1357 814 1384 nec
852 1343 992 1385 dicen-

192 1414 294 1456 dum
326 1411 443 1470 (om.)

131 1485 347 1528 Infitiauit
377 1486 558 1541 negauit
588 1484 706 1543 (om.)

134 1558 437 1600 Inflationibus
470 1557 513 1599 id
546 1562 613 1600 est
650 1560 993 1602 uentositatibus

192 1628 310 1687 (om.)

132 1702 403 1744 Inflexuosus
431 1702 506 1757 qui
531 1718 619 1745 non
645 1703 853 1758 plectitur
875 1702 991 1761 (om.)

132 1774 371 1816 Influctuat
403 1777 546 1816 estuat
577 1775 793 1831 fatigatur
824 1774 942 1833 (om.)

81 1856 114 1880 20
132 1845 429 1888 Infortunium
446 1846 748 1889 infelicitatem
764 1848 991 1890 aduersam

194 1921 236 1959 te
268 1917 492 1960 fortunam
529 1917 645 1976 (om.)

132 1988 386 2031 Infrendens
419 2005 574 2032 sonum
607 1990 770 2033 faciens
805 1990 920 2049 (om.)

134 2060 389 2103 lnfrendens
416 2061 619 2105 dentibus
653 2063 841 2105 stridens
875 2062 992 2119 (om.)

134 2131 330 2174 Infrusta
360 2133 556 2188 inpartes
590 2135 767 2177 secundi
794 2135 994 2177 diuidunt

194 2202 309 2260 (om.)

133 2275 329 2318 Infrusta
360 2276 405 2319 in
437 2281 583 2332 partes
617 2278 808 2321 minutas
842 2277 956 2336 (om.)

83 2358 116 2384 25
136 2347 351 2390 Infucaois
385 2348 564 2392 sinceris
596 2350 716 2406 puris
751 2349 870 2408 (om.)

135 2418 354 2475 Inglorius
389 2421 463 2475 qui
495 2436 582 2464 non
614 2425 784 2479 pugnat

1798 153 1882 194 211

1028 262 1249 320 Ingluess2)
1282 263 1426 305 inruet
1456 263 1593 305 instat

1029 334 1276 391 [ngluuiem
1308 335 1467 377 famem
1495 335 1600 377 alibi
1626 350 1715 377 non
1740 335 1886 376 inueni

1029 405 1254 462 Ingluuies
1287 407 1407 464 guila
1438 407 1509 449 uel
1542 409 1696 463 guttor

1027 477 1252 534 Ingluuies
1274 479 1419 520 orrida
1438 479 1658 521 uoracitas
1684 478 1886 520 nimietas
1907 489 1941 514 δυ

1088 550 1258 592 ieiunus
1285 553 1437 592 uenter
1462 550 1599 593 fames
1626 550 1733 592 alias
1765 565 1889 592 uora-

1090 637 1182 663 eem
1215 621 1473 664 auiditatem
1506 622 1622 677 guile
1653 637 1736 677 que
1770 637 1889 677 aper-

1090 694 1258 736 cionem

1030 764 1311 820 Ingluuiosus
1346 780 1483 808 uorax
1516 766 1695 821 gulosus

1028 836 1207 892 Ingrate
1248 837 1347 878 urbi
1386 851 1470 892 quo
1514 838 1641 892 parui
1679 838 1889 881 extimen—

1088 912 1161 950 tur
1193 909 1380 965 uanique
1407 908 1583 950 rusticis
1610 924 1770 966 magna
1794 926 1890 952 con-

1089 983 1209 1023 stant
1239 969 1328 1023 non
1365 996 1606 1036 numquam
1639 982 1786 1037 grauis
1820 997 1889 1024 ere

1089 1053 1266 1095 domum
1317 1053 1425 1095 mihi
1473 1053 1663 1095 destram
1713 1054 1892 1095 tedebat

1091 1125 1297 1180 quoniam
1317 1125 1458 1167 maior
1476 1127 1543 1167 est
1561 1124 1760 1180 prestitis
1781 1125 1891 1168 fruc-

1090 1200 1185 1239 tum

1030 1268 1287 1324 Ingruentia
1319 1283 1449 1325 super
1481 1269 1703 1312 uenientia

1030 1340 1203 1396 Ingruit
1233 1340 1418 1383 inminet
1450 1341 1587 1383 inruit

1031 1411 1205 1468 Ingruit
1236 1411 1506 1468 ingrauescit

1031 1483 1215 1540 Inguem
1247 1484 1472 1541 inguinem

1031 1555 1197 1598 Inifens
1230 1556 1377 1599 dicens

1031 1628 1275 1671 Iniuriosus
1314 1629 1554 1671 insectator
1591 1645 1753 1685 procax
1792 1645 1892 1672 con-

1091 1701 1310 1743 uinciatur

1030 1773 1214 1816 Inlecita
1246 1772 1397 1828 iniqua
1428 1788 1652 1816 resumens

1030 1845 1243 1887 Inleeium
1274 1844 1473 1901 iniquum
1509 1845 1677 1888 faciunt
1913 1859 1947 1883 40

1031 1917 1225 1958 Inluuies
1259 1917 1438 1959 morbus
1470 1917 1541 1959 uel
1574 1918 1723 1960 sordes

1032 1989 1420 2031 Inmarciscibilem
1453 1990 1756 2045 incorruptum
1783 2006 1891 2033 sem-

1091 2061 1312 2117 piternum

1032 2133 1273 2175 Inmundus
1307 2136 1374 2175 est
1407 2133 1481 2189 qui
1515 2149 1613 2176 cum
1648 2150 1781 2177 uxore
1815 2150 1894 2178 sua

1094 2205 1321 2248 dormierit
1366 2208 1442 2248 aut
1487 2204 1753 2264 mortuumss)
1797 2208 1896 2249 teti—

1094 2278 1208 2334 gerit
1244 2292 1333 2320 non
1371 2280 1518 2320 tamen
1556 2277 1653 2321 ideo
1692 2282 1897 2334 peccator

1094 2352 1161 2392 est
1194 2347 1315 2406 (Cic.)

1034 2421 1285 2464 Inobseruit
1318 2423 1552 2465 contemsit
1585 2421 1706 2480 (Cic.)

233 2538 268 2581 1)
295 2548 339 2572 ca
363 2539 406 2572 in
431 2539 484 2575 lit.
512 2551 555 2575 m.
571 2543 596 2576 2
622 2541 635 2586 ΙΙ
659 2541 696 2586 2)
722 2540 829 2586 gluet
854 2541 897 2575 in
919 2551 993 2575 ras.
1019 2542 1106 2576 m.2
1131 2542 1144 2585 ΙΙ
1169 2541 1207 2586 3)
1227 2543 1360 2585 poster.
1388 2552 1412 2574 u
1438 2552 1465 2576 s.
1491 2552 1538 2577 sc.
1565 2553 1610 2577 m.
1627 2545 1651 2577 2
1675 2541 1730 2586 (ἓ)
1748 2544 1760 2587 ΙΙ

232 2648 264 2680 2.
293 2644 406 2680 armis
431 2658 476 2682 ex
501 2658 607 2682 arma
630 2659 722 2684 corr.
743 2649 755 2693 ΙΙ
780 2652 812 2684 3.
838 2648 1046 2684 Inerciosus
1070 2652 1074 2692 Ι
1098 2647 1224 2694 segnis
1251 2659 1295 2683 ex
1321 2658 1454 2694 segnes
1481 2660 1574 2685 corr.
1599 2651 1612 2693 ΙΙ
1636 2651 1668 2683 4.
1697 2648 1894 2683 Inestima-

137 2703 227 2739 bilis
252 2716 296 2740 ex
321 2705 595 2741 Inextimabilis
622 2718 712 2742 corr.
736 2708 742 2755 Ι
771 2707 1055 2744 extimationem
1086 2710 1098 2753 ΙΙ
1129 2712 1161 2743 8.
1188 2706 1341 2741 Infatua
1367 2719 1412 2743 eoe
1436 2708 1603 2742 Infantia
1628 2719 1720 2744 corr.
1751 2709 1755 2752 Ι
1788 2707 1893 2742 fana-

139 2763 196 2798 bit
232 2767 244 2809 ΙΙ
280 2767 313 2799 9.
339 2764 491 2800 Infatua
515 2777 560 2801 θος
584 2766 752 2801 Infantia
776 2779 868 2804 corr.
900 2770 912 2813 ΙΙ
950 2773 1006 2804 14.

1033 2767 1249 2803 Infitiabilis
1277 2779 1321 2802 ex
1345 2767 1546 2802 Infitabilis
1573 2779 1663 2804 corr.
1702 2770 1714 2812 ΙΙ
1753 2771 1808 2802 15,
1835 2768 1893 2802 In-

138 2822 260 2858 ficiale
280 2824 292 2869 ΙΙ
319 2827 375 2859 16.
402 2824 591 2860 lnfi‘ciauit
609 2827 620 2870 ΙΙ
648 2829 703 2862 17.
730 2826 995 2862 Inflacionibus
1019 2829 1024 2873 Ι
1046 2827 1086 2862 id
1112 2828 1170 2862 est
1194 2837 1239 2861 ex
1263 2825 1365 2861 idem
1391 2837 1481 2862 corr.
1502 2829 1514 2872 ΙΙ
1539 2830 1596 2863 20.
1623 2829 1660 2872 te
1680 2829 1692 2872 ΙΙ
1716 2830 1775 2861 23.
1801 2827 1898 2861 diui-

140 2882 235 2916 dunt
260 2881 315 2927 (id
334 2883 376 2917 in
394 2885 482 2929 ras.)
502 2886 514 2930 ΙΙ
534 2887 590 2920 25.
616 2885 798 2920 Infucatis
818 2887 830 2931 ΙΙ
858 2889 916 2922 29.
943 2886 1034 2933 gula
1064 2888 1069 2931 Ι
1098 2887 1228 2932 guttur
1253 2897 1298 2920 ex
1322 2887 1452 2931 guttor
1476 2897 1567 2922 corr.
1589 2887 1600 2931 ΙΙ
1626 2889 1682 2921 30.
1710 2885 1863 2922 horrida
1892 2887 1896 2934 Ι

137 2946 220 2987 post
244 2940 423 2977 nimietas
448 2944 520 2978 inc.
546 2955 643 2979 nova
666 2944 714 2990 yl.
741 2949 774 2980 et
799 2946 884 2981 add.
911 2945 1102 2992 Ingluuies
1137 2948 1141 2989 Ι
1176 2944 1288 2990 gulae
1323 2945 1328 2989 Ι
1363 2944 1596 2989 apertionem
1627 2946 1639 2990 ΙΙ
1671 2948 1727 2981 32.
1754 2957 1829 2991 qua
1855 2958 1900 2982 ex

143 3036 217 3070 quo
242 3027 367 3072 corn}
402 3025 625 3061 estimentur
650 3038 694 3062 ecc
720 3026 947 3063 extimentur
972 3040 1064 3065 eoo-r.
1100 3030 1105 3074 Ι
1139 3027 1289 3071 ua{ni
1315 3038 1386 3072 que
1421 3030 1425 3074 Ι
1459 3010 1644 3076 rustici}
1678 3030 1683 3074 Ι
1716 3032 1865 3065 constat
1893 3031 1897 3078 Ι

147 3085 278 3120 dextra
303 3097 348 3121 eoe
375 3085 541 3120 destram
567 3098 658 3122 corr.
682 3088 687 3132 Ι
710 3086 882 3123 rediebat
905 3100 950 3125 em
974 3088 1159 3124 reddebat
1185 3098 1274 3122 corr.
1299 3088 1303 3130 Ι
1332 3086 1482 3132 prestiti
1508 3099 1553 3123 ex
1576 3088 1744 3133 prestitis
1771 3102 1863 3127 corr.
1889 3091 1901 3137 ΙΙ

147 3147 203 3180 40.
231 3144 428 3180 Inlecitum
459 3146 470 3190 ΙΙ
502 3148 558 3182 42.
587 3145 927 3183 Inmarcessibilem
958 3151 970 3194 ΙΙ
1001 3151 1057 3184 44.
1086 3145 1311 3192 contempsit
1329 3148 1341 3193 ΙΙ

1542 3208 1615 3242 14*
