<?xml version="1.0" encoding="UTF-8"?>
<!DOCTYPE html PUBLIC "-//W3C//DTD XHTML 1.0 Transitional//EN"
    "http://www.w3.org/TR/xhtml1/DTD/xhtml1-transitional.dtd">
<html xmlns="http://www.w3.org/1999/xhtml" xml:lang="en" lang="en">
 <head>
  <title>
</title>
<meta http-equiv="Content-Type" content="text/html;charset=utf-8" />
  <meta name='ocr-system' content='tesseract 3.04.00' />
  <meta name='ocr-capabilities' content='ocr_page ocr_carea ocr_par ocr_line ocrx_word'/>
</head>
<body>
  <div class='ocr_page' id='page_1' title='image "./corpusglossarior05linduoft/corpusglossarior05linduoft_0086.png"; bbox 0 0 2216 3402; ppageno 0'>
   <div class='ocr_carea' id='block_1_1' title="bbox 211 122 269 164">
    <p class='ocr_par' dir='ltr' id='par_1_1' title="bbox 211 122 269 164">
     <span class='ocr_line' id='line_1_1' title="bbox 211 122 269 164; baseline -0.017 0"><span class='ocrx_word' id='word_1_1' title='bbox 211 122 269 164; x_wconf 80' lang='lat'>44</span> 
     </span>
    </p>
   </div>
   <div class='ocr_carea' id='block_1_2' title="bbox 152 233 1066 2513">
    <p class='ocr_par' dir='ltr' id='par_1_2' title="bbox 152 233 1066 2513">
     <span class='ocr_line' id='line_1_2' title="bbox 211 233 962 287; baseline -0.003 -12"><span class='ocrx_word' id='word_1_2' title='bbox 211 233 428 275; x_wconf 87' lang='lat' dir='ltr'>Accentus</span> <span class='ocrx_word' id='word_1_3' title='bbox 462 236 529 275; x_wconf 89' lang='lat' dir='ltr'>est</span> <span class='ocrx_word' id='word_1_4' title='bbox 561 248 693 275; x_wconf 85' lang='lat' dir='ltr'>sonus</span> <span class='ocrx_word' id='word_1_5' title='bbox 726 233 962 287; x_wconf 84' lang='lat' dir='ltr'>productus</span> 
     </span>
     <span class='ocr_line' id='line_1_3' title="bbox 209 304 780 359; baseline -0.004 -12"><span class='ocrx_word' id='word_1_6' title='bbox 209 304 496 359; x_wconf 86' lang='lat' dir='ltr'>Acceptorem</span> <span class='ocrx_word' id='word_1_7' title='bbox 530 305 780 359; x_wconf 69' lang='lat' dir='ltr'>accipitrem</span> 
     </span>
     <span class='ocr_line' id='line_1_4' title="bbox 191 376 1066 432; baseline -0.002 -12"><span class='ocrx_word' id='word_1_8' title='bbox 191 378 498 432; x_wconf 73' lang='lat' dir='ltr'>,Acceptorem</span> <span class='ocrx_word' id='word_1_9' title='bbox 538 376 693 417; x_wconf 83' lang='lat' dir='ltr'>salutis</span> <span class='ocrx_word' id='word_1_10' title='bbox 735 376 807 431; x_wconf 85' lang='lat' dir='ltr'>qui</span> <span class='ocrx_word' id='word_1_11' title='bbox 851 376 1066 418; x_wconf 84' lang='lat' dir='ltr'>salutatus</span> 
     </span>
     <span class='ocr_line' id='line_1_5' title="bbox 270 446 532 504; baseline -0.008 -14"><span class='ocrx_word' id='word_1_12' title='bbox 270 452 336 490; x_wconf 85' lang='lat' dir='ltr'>est</span> <span class='ocrx_word' id='word_1_13' title='bbox 370 447 437 495; x_wconf 78' lang='lat' dir='ltr'>(de</span> <span class='ocrx_word' id='word_1_14' title='bbox 458 446 532 504; x_wconf 71' lang='lat' dir='ltr'>gd.)</span> 
     </span>
     <span class='ocr_line' id='line_1_6' title="bbox 209 519 933 574; baseline -0.003 -12"><span class='ocrx_word' id='word_1_15' title='bbox 209 520 349 562; x_wconf 88' lang='lat' dir='ltr'>Acera</span> <span class='ocrx_word' id='word_1_16' title='bbox 382 520 513 561; x_wconf 79' lang='lat' dir='ltr'>offula</span> <span class='ocrx_word' id='word_1_17' title='bbox 545 519 792 561; x_wconf 84' lang='lat' dir='ltr'>furfuraceo</span> <span class='ocrx_word' id='word_1_18' title='bbox 825 534 933 574; x_wconf 86' lang='lat' dir='ltr'>pane</span> 
     </span>
     <span class='ocr_line' id='line_1_7' title="bbox 172 590 910 647; baseline 0.003 -16"><span class='ocrx_word' id='word_1_19' title='bbox 172 607 186 631; x_wconf 82' lang='lat'>5</span> <span class='ocrx_word' id='word_1_20' title='bbox 210 591 360 633; x_wconf 88' lang='lat' dir='ltr'>Aceris</span> <span class='ocrx_word' id='word_1_21' title='bbox 394 591 518 645; x_wconf 86' lang='lat' dir='ltr'>palea</span> <span class='ocrx_word' id='word_1_22' title='bbox 551 591 749 633; x_wconf 85' lang='lat' dir='ltr'>mileacia</span> <span class='ocrx_word' id='word_1_23' title='bbox 786 590 910 647; x_wconf 68' lang='lat' dir='ltr'>(Cic.)</span> 
     </span>
     <span class='ocr_line' id='line_1_8' title="bbox 209 663 1065 718; baseline 0 -14"><span class='ocrx_word' id='word_1_24' title='bbox 209 663 486 717; x_wconf 85' lang='lat' dir='ltr'>Accipienser</span> <span class='ocrx_word' id='word_1_25' title='bbox 524 677 660 718; x_wconf 81' lang='lat' dir='ltr'>genus</span> <span class='ocrx_word' id='word_1_26' title='bbox 692 663 824 718; x_wconf 88' lang='lat' dir='ltr'>piscis</span> <span class='ocrx_word' id='word_1_27' title='bbox 863 665 930 704; x_wconf 91' lang='lat' dir='ltr'>est</span> <span class='ocrx_word' id='word_1_28' title='bbox 968 678 1065 705; x_wconf 88' lang='lat' dir='ltr'>raro</span> 
     </span>
     <span class='ocr_line' id='line_1_9' title="bbox 267 734 850 777; baseline 0.003 -2"><span class='ocrx_word' id='word_1_29' title='bbox 267 734 493 776; x_wconf 88' lang='lat' dir='ltr'>inuentum</span> <span class='ocrx_word' id='word_1_30' title='bbox 526 735 568 776; x_wconf 89' lang='lat' dir='ltr'>id</span> <span class='ocrx_word' id='word_1_31' title='bbox 602 738 669 777; x_wconf 91' lang='lat' dir='ltr'>est</span> <span class='ocrx_word' id='word_1_32' title='bbox 703 735 850 777; x_wconf 84' lang='lat' dir='ltr'>nobile</span> 
     </span>
     <span class='ocr_line' id='line_1_10' title="bbox 208 805 813 862; baseline 0.003 -15"><span class='ocrx_word' id='word_1_33' title='bbox 208 805 451 861; x_wconf 83' lang='lat' dir='ltr'>Accipitres</span> <span class='ocrx_word' id='word_1_34' title='bbox 486 821 620 862; x_wconf 88' lang='lat' dir='ltr'>equos</span> <span class='ocrx_word' id='word_1_35' title='bbox 654 807 813 849; x_wconf 78' lang='lat' dir='ltr'>celeres</span> 
     </span>
     <span class='ocr_line' id='line_1_11' title="bbox 210 878 778 934; baseline 0.005 -16"><span class='ocrx_word' id='word_1_36' title='bbox 210 878 476 933; x_wconf 81' lang='lat' dir='ltr'>Accipitrem</span> <span class='ocrx_word' id='word_1_37' title='bbox 506 882 778 934; x_wconf 68' lang='lat' dir='ltr'>acceptorem</span> 
     </span>
     <span class='ocr_line' id='line_1_12' title="bbox 210 950 1064 993; baseline 0.001 -2"><span class='ocrx_word' id='word_1_38' title='bbox 210 950 318 992; x_wconf 84' lang='lat' dir='ltr'>Acte</span> <span class='ocrx_word' id='word_1_39' title='bbox 351 950 554 992; x_wconf 87' lang='lat' dir='ltr'>dicuntur</span> <span class='ocrx_word' id='word_1_40' title='bbox 595 951 713 993; x_wconf 85' lang='lat' dir='ltr'>locas</span> <span class='ocrx_word' id='word_1_41' title='bbox 747 954 790 992; x_wconf 89' lang='lat' dir='ltr'>et</span> <span class='ocrx_word' id='word_1_42' title='bbox 823 954 917 992; x_wconf 83' lang='lat' dir='ltr'>reta</span> <span class='ocrx_word' id='word_1_43' title='bbox 950 950 1064 992; x_wconf 89' lang='lat' dir='ltr'>circa</span> 
     </span>
     <span class='ocr_line' id='line_1_13' title="bbox 267 1022 1065 1065; baseline 0.001 -2"><span class='ocrx_word' id='word_1_44' title='bbox 267 1037 384 1064; x_wconf 89' lang='lat' dir='ltr'>mare</span> <span class='ocrx_word' id='word_1_45' title='bbox 430 1022 473 1064; x_wconf 86' lang='lat' dir='ltr'>id</span> <span class='ocrx_word' id='word_1_46' title='bbox 519 1026 585 1064; x_wconf 89' lang='lat' dir='ltr'>est</span> <span class='ocrx_word' id='word_1_47' title='bbox 629 1023 671 1064; x_wconf 89' lang='lat' dir='ltr'>in</span> <span class='ocrx_word' id='word_1_48' title='bbox 713 1022 842 1065; x_wconf 89' lang='lat' dir='ltr'>litore</span> <span class='ocrx_word' id='word_1_49' title='bbox 883 1037 1065 1065; x_wconf 87' lang='lat' dir='ltr'>amoena</span> 
     </span>
     <span class='ocr_line' id='line_1_14' title="bbox 268 1094 592 1149; baseline 0 -14"><span class='ocrx_word' id='word_1_50' title='bbox 268 1097 312 1135; x_wconf 88' lang='lat' dir='ltr'>et</span> <span class='ocrx_word' id='word_1_51' title='bbox 329 1094 592 1149; x_wconf 87' lang='lat' dir='ltr'>·uoluptaria</span> 
     </span>
     <span class='ocr_line' id='line_1_15' title="bbox 152 1165 711 1221; baseline 0.002 -14"><span class='ocrx_word' id='word_1_52' title='bbox 152 1179 184 1203; x_wconf 87' lang='lat'>10</span> <span class='ocrx_word' id='word_1_53' title='bbox 206 1165 306 1208; x_wconf 83' lang='lat' dir='ltr'>Acti</span> <span class='ocrx_word' id='word_1_54' title='bbox 341 1166 480 1208; x_wconf 87' lang='lat' dir='ltr'>coacti</span> <span class='ocrx_word' id='word_1_55' title='bbox 514 1166 711 1221; x_wconf 87' lang='lat' dir='ltr'>conpulsi</span> 
     </span>
     <span class='ocr_line' id='line_1_16' title="bbox 204 1237 1062 1292; baseline 0 -14"><span class='ocrx_word' id='word_1_56' title='bbox 204 1237 367 1280; x_wconf 90' lang='lat' dir='ltr'>Actum</span> <span class='ocrx_word' id='word_1_57' title='bbox 405 1238 488 1279; x_wconf 88' lang='lat' dir='ltr'>iter</span> <span class='ocrx_word' id='word_1_58' title='bbox 528 1238 711 1280; x_wconf 86' lang='lat' dir='ltr'>uicinale</span> <span class='ocrx_word' id='word_1_59' title='bbox 753 1239 962 1292; x_wconf 87' lang='lat' dir='ltr'>quattuor</span> <span class='ocrx_word' id='word_1_60' title='bbox 994 1252 1062 1292; x_wconf 89' lang='lat' dir='ltr'>pe-</span> 
     </span>
     <span class='ocr_line' id='line_1_17' title="bbox 264 1309 1060 1365; baseline 0 -14"><span class='ocrx_word' id='word_1_61' title='bbox 264 1310 337 1351; x_wconf 87' lang='lat' dir='ltr'>des</span> <span class='ocrx_word' id='word_1_62' title='bbox 394 1310 532 1351; x_wconf 86' lang='lat' dir='ltr'>latum</span> <span class='ocrx_word' id='word_1_63' title='bbox 591 1324 675 1364; x_wconf 85' lang='lat' dir='ltr'>qua</span> <span class='ocrx_word' id='word_1_64' title='bbox 733 1310 926 1351; x_wconf 89' lang='lat' dir='ltr'>iumenta</span> <span class='ocrx_word' id='word_1_65' title='bbox 989 1309 1060 1365; x_wconf 81' lang='lat' dir='ltr'>agi</span> 
     </span>
     <span class='ocr_line' id='line_1_18' title="bbox 264 1383 448 1436; baseline -0.005 -13"><span class='ocrx_word' id='word_1_66' title='bbox 264 1383 448 1436; x_wconf 90' lang='lat' dir='ltr'>possunt</span> 
     </span>
     <span class='ocr_line' id='line_1_19' title="bbox 211 1452 840 1495; baseline 0 -1"><span class='ocrx_word' id='word_1_67' title='bbox 211 1453 415 1494; x_wconf 85' lang='lat' dir='ltr'>Actutum</span> <span class='ocrx_word' id='word_1_68' title='bbox 449 1452 601 1494; x_wconf 88' lang='lat' dir='ltr'>statim</span> <span class='ocrx_word' id='word_1_69' title='bbox 635 1453 840 1495; x_wconf 87' lang='lat' dir='ltr'>continuo</span> 
     </span>
     <span class='ocr_line' id='line_1_20' title="bbox 205 1524 1029 1580; baseline 0 -14"><span class='ocrx_word' id='word_1_70' title='bbox 205 1524 417 1566; x_wconf 85' lang='lat' dir='ltr'>Actutum</span> <span class='ocrx_word' id='word_1_71' title='bbox 449 1524 572 1566; x_wconf 87' lang='lat' dir='ltr'>breui</span> <span class='ocrx_word' id='word_1_72' title='bbox 605 1524 863 1566; x_wconf 69' lang='lat' dir='ltr'>festinanter</span> <span class='ocrx_word' id='word_1_73' title='bbox 894 1526 1029 1580; x_wconf 80' lang='lat' dir='ltr'>prope</span> 
     </span>
     <span class='ocr_line' id='line_1_21' title="bbox 204 1596 906 1638; baseline 0.001 -1"><span class='ocrx_word' id='word_1_74' title='bbox 204 1596 416 1637; x_wconf 84' lang='lat' dir='ltr'>Aculeum</span> <span class='ocrx_word' id='word_1_75' title='bbox 449 1596 502 1637; x_wconf 86' lang='lat' dir='ltr'>ab</span> <span class='ocrx_word' id='word_1_76' title='bbox 536 1611 615 1638; x_wconf 90' lang='lat' dir='ltr'>acu</span> <span class='ocrx_word' id='word_1_77' title='bbox 648 1597 906 1638; x_wconf 87' lang='lat' dir='ltr'>diminutiue</span> 
     </span>
     <span class='ocr_line' id='line_1_22' title="bbox 153 1667 1062 1724; baseline 0.003 -17"><span class='ocrx_word' id='word_1_78' title='bbox 153 1680 186 1706; x_wconf 86' lang='lat'>15</span> <span class='ocrx_word' id='word_1_79' title='bbox 207 1668 459 1723; x_wconf 82' lang='lat' dir='ltr'>Acupedum</span> <span class='ocrx_word' id='word_1_80' title='bbox 475 1668 708 1710; x_wconf 88' lang='lat' dir='ltr'>uelocitate</span> <span class='ocrx_word' id='word_1_81' title='bbox 724 1669 881 1723; x_wconf 88' lang='lat' dir='ltr'>pedum</span> <span class='ocrx_word' id='word_1_82' title='bbox 891 1667 1062 1724; x_wconf 78' lang='lat' dir='ltr'>agmine</span> 
     </span>
     <span class='ocr_line' id='line_1_23' title="bbox 206 1739 697 1795; baseline 0 -14"><span class='ocrx_word' id='word_1_83' title='bbox 206 1740 432 1795; x_wconf 83' lang='lat' dir='ltr'>Adagonie</span> <span class='ocrx_word' id='word_1_84' title='bbox 464 1739 697 1795; x_wconf 87' lang='lat' dir='ltr'>prouerbio</span> 
     </span>
     <span class='ocr_line' id='line_1_24' title="bbox 205 1810 1062 1867; baseline 0.001 -15"><span class='ocrx_word' id='word_1_85' title='bbox 205 1810 396 1853; x_wconf 87' lang='lat' dir='ltr'>Adhesio</span> <span class='ocrx_word' id='word_1_86' title='bbox 443 1811 710 1853; x_wconf 84' lang='lat' dir='ltr'>benedicitur</span> <span class='ocrx_word' id='word_1_87' title='bbox 755 1812 808 1853; x_wconf 87' lang='lat' dir='ltr'>ab</span> <span class='ocrx_word' id='word_1_88' title='bbox 855 1826 904 1853; x_wconf 90' lang='lat' dir='ltr'>eo</span> <span class='ocrx_word' id='word_1_89' title='bbox 948 1812 1062 1867; x_wconf 89' lang='lat' dir='ltr'>quod</span> 
     </span>
     <span class='ocr_line' id='line_1_25' title="bbox 265 1883 513 1925; baseline 0 -1"><span class='ocrx_word' id='word_1_90' title='bbox 265 1886 332 1925; x_wconf 89' lang='lat' dir='ltr'>est</span> <span class='ocrx_word' id='word_1_91' title='bbox 363 1883 513 1924; x_wconf 88' lang='lat' dir='ltr'>herere</span> 
     </span>
     <span class='ocr_line' id='line_1_26' title="bbox 206 1955 1062 1998; baseline 0 -2"><span class='ocrx_word' id='word_1_92' title='bbox 206 1955 273 1996; x_wconf 81' lang='lat' dir='ltr'>Ad</span> <span class='ocrx_word' id='word_1_93' title='bbox 294 1955 476 1996; x_wconf 87' lang='lat' dir='ltr'>exodum</span> <span class='ocrx_word' id='word_1_94' title='bbox 506 1956 558 1997; x_wconf 85' lang='lat' dir='ltr'>ad</span> <span class='ocrx_word' id='word_1_95' title='bbox 584 1956 715 1997; x_wconf 88' lang='lat' dir='ltr'>finem</span> <span class='ocrx_word' id='word_1_96' title='bbox 735 1956 806 1998; x_wconf 89' lang='lat' dir='ltr'>uel</span> <span class='ocrx_word' id='word_1_97' title='bbox 826 1955 1062 1997; x_wconf 88' lang='lat' dir='ltr'>terminum</span> 
     </span>
     <span class='ocr_line' id='line_1_27' title="bbox 208 2026 1063 2082; baseline 0.001 -15"><span class='ocrx_word' id='word_1_98' title='bbox 208 2026 431 2068; x_wconf 87' lang='lat' dir='ltr'>Adincitas</span> <span class='ocrx_word' id='word_1_99' title='bbox 465 2027 516 2068; x_wconf 87' lang='lat' dir='ltr'>ad</span> <span class='ocrx_word' id='word_1_100' title='bbox 550 2043 764 2069; x_wconf 89' lang='lat' dir='ltr'>summam</span> <span class='ocrx_word' id='word_1_101' title='bbox 796 2042 940 2075; x_wconf 82' lang='lat' dir='ltr'>rerum</span> <span class='ocrx_word' id='word_1_102' title='bbox 972 2042 1063 2082; x_wconf 87' lang='lat' dir='ltr'>per-</span> 
     </span>
     <span class='ocr_line' id='line_1_28' title="bbox 266 2098 1023 2155; baseline 0.003 -17"><span class='ocrx_word' id='word_1_103' title='bbox 266 2098 567 2140; x_wconf 79' lang='lat' dir='ltr'>turbationum</span> <span class='ocrx_word' id='word_1_104' title='bbox 600 2099 1023 2155; x_wconf 85' lang='lat' dir='ltr'>disperationemque</span> 
     </span>
     <span class='ocr_line' id='line_1_29' title="bbox 153 2169 908 2224; baseline 0.007 -17"><span class='ocrx_word' id='word_1_105' title='bbox 153 2183 186 2207; x_wconf 78' lang='lat'>20</span> <span class='ocrx_word' id='word_1_106' title='bbox 207 2169 515 2211; x_wconf 86' lang='lat' dir='ltr'>Additamenta</span> <span class='ocrx_word' id='word_1_107' title='bbox 529 2169 558 2224; x_wconf 87' lang='lat'>¹)</span> <span class='ocrx_word' id='word_1_108' title='bbox 592 2171 908 2212; x_wconf 86' lang='lat' dir='ltr'>adiectamenta</span> 
     </span>
     <span class='ocr_line' id='line_1_30' title="bbox 207 2240 1016 2298; baseline 0.001 -15"><span class='ocrx_word' id='word_1_109' title='bbox 207 2241 518 2283; x_wconf 88' lang='lat' dir='ltr'>Adiumentum</span> <span class='ocrx_word' id='word_1_110' title='bbox 550 2242 812 2284; x_wconf 85' lang='lat' dir='ltr'>adiutorium</span> <span class='ocrx_word' id='word_1_111' title='bbox 847 2240 913 2298; x_wconf 78' lang='lat' dir='ltr'>(de</span> <span class='ocrx_word' id='word_1_112' title='bbox 940 2241 1016 2297; x_wconf 70' lang='lat' dir='ltr'>yl.)</span> 
     </span>
     <span class='ocr_line' id='line_1_31' title="bbox 207 2313 1061 2369; baseline 0.002 -15"><span class='ocrx_word' id='word_1_113' title='bbox 207 2313 379 2355; x_wconf 85' lang='lat' dir='ltr'>Adiuua</span> <span class='ocrx_word' id='word_1_114' title='bbox 412 2329 477 2355; x_wconf 87' lang='lat' dir='ltr'>me</span> <span class='ocrx_word' id='word_1_115' title='bbox 511 2314 668 2356; x_wconf 87' lang='lat' dir='ltr'>adiuua</span> <span class='ocrx_word' id='word_1_116' title='bbox 694 2315 801 2356; x_wconf 87' lang='lat' dir='ltr'>mihi</span> <span class='ocrx_word' id='word_1_117' title='bbox 828 2317 1061 2369; x_wconf 86' lang='lat' dir='ltr'>utrumque</span> 
     </span>
     <span class='ocr_line' id='line_1_32' title="bbox 266 2385 1061 2440; baseline 0.001 -14"><span class='ocrx_word' id='word_1_118' title='bbox 266 2385 350 2426; x_wconf 85' lang='lat' dir='ltr'>dici</span> <span class='ocrx_word' id='word_1_119' title='bbox 399 2388 546 2440; x_wconf 86' lang='lat' dir='ltr'>potest</span> <span class='ocrx_word' id='word_1_120' title='bbox 591 2386 745 2428; x_wconf 89' lang='lat' dir='ltr'>melius</span> <span class='ocrx_word' id='word_1_121' title='bbox 797 2389 943 2427; x_wconf 88' lang='lat' dir='ltr'>tamen</span> <span class='ocrx_word' id='word_1_122' title='bbox 995 2400 1061 2427; x_wconf 88' lang='lat' dir='ltr'>me</span> 
     </span>
     <span class='ocr_line' id='line_1_33' title="bbox 267 2456 1061 2513; baseline -0.001 -14"><span class='ocrx_word' id='word_1_123' title='bbox 267 2457 424 2499; x_wconf 86' lang='lat' dir='ltr'>adiuuo</span> <span class='ocrx_word' id='word_1_124' title='bbox 446 2457 561 2499; x_wconf 88' lang='lat' dir='ltr'>enim</span> <span class='ocrx_word' id='word_1_125' title='bbox 582 2456 706 2499; x_wconf 89' lang='lat' dir='ltr'>illum</span> <span class='ocrx_word' id='word_1_126' title='bbox 727 2458 909 2499; x_wconf 77' lang='lat' dir='ltr'>dicimus</span> <span class='ocrx_word' id='word_1_127' title='bbox 932 2473 1061 2513; x_wconf 85' lang='lat' dir='ltr'>quam</span> 
     </span>
    </p>
   </div>
   <div class='ocr_carea' id='block_1_3' title="bbox 207 2566 491 2571">
    <p class='ocr_par' dir='ltr' id='par_1_3' title="bbox 207 2566 491 2571">
     <span class='ocr_line' id='line_1_34' title="bbox 207 2566 491 2571; baseline 0 0"><span class='ocrx_word' id='word_1_128' title='bbox 207 2566 491 2571; x_wconf 95' lang='lat' dir='ltr'> </span> 
     </span>
    </p>
   </div>
   <div class='ocr_carea' id='block_1_4' title="bbox 304 2635 926 2680">
    <p class='ocr_par' dir='ltr' id='par_1_4' title="bbox 304 2635 926 2680">
     <span class='ocr_line' id='line_1_35' title="bbox 304 2635 926 2680; baseline 0.003 -12"><span class='ocrx_word' id='word_1_129' title='bbox 304 2636 338 2678; x_wconf 89' lang='lat'>1)</span> <span class='ocrx_word' id='word_1_130' title='bbox 372 2635 412 2668; x_wconf 85' lang='lat' dir='ltr'>ta</span> <span class='ocrx_word' id='word_1_131' title='bbox 437 2646 463 2669; x_wconf 75' lang='lat' dir='ltr'>s.</span> <span class='ocrx_word' id='word_1_132' title='bbox 490 2646 556 2670; x_wconf 75' lang='lat' dir='ltr'>scr.</span> <span class='ocrx_word' id='word_1_133' title='bbox 590 2635 601 2679; x_wconf 86' lang='grc' dir='ltr'>ΙΙ</span> <span class='ocrx_word' id='word_1_134' title='bbox 633 2636 668 2679; x_wconf 76' lang='grc'>2)</span> <span class='ocrx_word' id='word_1_135' title='bbox 701 2646 721 2669; x_wconf 94' lang='lat'>0</span> <span class='ocrx_word' id='word_1_136' title='bbox 748 2645 765 2669; x_wconf 85' lang='lat' dir='ltr'>e</span> <span class='ocrx_word' id='word_1_137' title='bbox 791 2645 882 2670; x_wconf 78' lang='lat' dir='ltr'>corr.</span> <span class='ocrx_word' id='word_1_138' title='bbox 914 2635 926 2680; x_wconf 83' lang='grc' dir='ltr'>ΙΙ</span> 
     </span>
    </p>
   </div>
   <div class='ocr_carea' id='block_1_5' title="bbox 209 2750 408 2755">
    <p class='ocr_par' dir='ltr' id='par_1_5' title="bbox 209 2750 408 2755">
     <span class='ocr_line' id='line_1_36' title="bbox 209 2750 408 2755; baseline 0 0"><span class='ocrx_word' id='word_1_139' title='bbox 209 2750 408 2755; x_wconf 95' lang='lat' dir='ltr'> </span> 
     </span>
    </p>
   </div>
   <div class='ocr_carea' id='block_1_6' title="bbox 731 106 1439 158">
    <p class='ocr_par' dir='ltr' id='par_1_6' title="bbox 731 106 1439 158">
     <span class='ocr_line' id='line_1_37' title="bbox 731 106 1439 158; baseline 0 -1"><span class='ocrx_word' id='word_1_140' title='bbox 731 121 964 157; x_wconf 79' lang='lat' dir='ltr'>PLAcmvs</span> <span class='ocrx_word' id='word_1_141' title='bbox 991 122 1122 157; x_wconf 80' lang='lat' dir='ltr'>LIBRI</span> <span class='ocrx_word' id='word_1_142' title='bbox 1147 106 1439 158; x_wconf 65' lang='lat' dir='ltr'>GnossARVM</span> 
     </span>
    </p>
   </div>
   <div class='ocr_carea' id='block_1_7' title="bbox 1099 231 2018 2514">
    <p class='ocr_par' dir='ltr' id='par_1_7' title="bbox 1165 231 1964 359">
     <span class='ocr_line' id='line_1_38' title="bbox 1165 231 1964 274; baseline 0.001 -1"><span class='ocrx_word' id='word_1_143' title='bbox 1165 232 1232 274; x_wconf 90' lang='lat' dir='ltr'>illi</span> <span class='ocrx_word' id='word_1_144' title='bbox 1263 232 1348 274; x_wconf 90' lang='lat' dir='ltr'>nisi</span> <span class='ocrx_word' id='word_1_145' title='bbox 1379 231 1494 274; x_wconf 84' lang='lat' dir='ltr'>forte</span> <span class='ocrx_word' id='word_1_146' title='bbox 1522 231 1638 273; x_wconf 88' lang='lat' dir='ltr'>dicas</span> <span class='ocrx_word' id='word_1_147' title='bbox 1666 232 1823 274; x_wconf 86' lang='lat' dir='ltr'>adiuua</span> <span class='ocrx_word' id='word_1_148' title='bbox 1856 232 1964 274; x_wconf 90' lang='lat' dir='ltr'>mihi</span> 
     </span>
     <span class='ocr_line' id='line_1_39' title="bbox 1166 303 1893 359; baseline 0 -13"><span class='ocrx_word' id='word_1_149' title='bbox 1166 319 1274 346; x_wconf 88' lang='lat' dir='ltr'>onus</span> <span class='ocrx_word' id='word_1_150' title='bbox 1308 304 1432 359; x_wconf 80' lang='lat' dir='ltr'>quasi</span> <span class='ocrx_word' id='word_1_151' title='bbox 1465 303 1610 345; x_wconf 89' lang='lat' dir='ltr'>reuela</span> <span class='ocrx_word' id='word_1_152' title='bbox 1642 304 1750 346; x_wconf 89' lang='lat' dir='ltr'>mihi</span> <span class='ocrx_word' id='word_1_153' title='bbox 1784 319 1893 346; x_wconf 84' lang='lat' dir='ltr'>onus</span> 
     </span>
    </p>

    <p class='ocr_par' dir='ltr' id='par_1_8' title="bbox 1105 374 1964 505">
     <span class='ocr_line' id='line_1_40' title="bbox 1105 374 1964 431; baseline 0.001 -13"><span class='ocrx_word' id='word_1_154' title='bbox 1105 374 1399 418; x_wconf 87' lang='lat' dir='ltr'>Adlateratim</span> <span class='ocrx_word' id='word_1_155' title='bbox 1425 374 1630 430; x_wconf 74' lang='lat' dir='ltr'>palmulis</span> <span class='ocrx_word' id='word_1_156' title='bbox 1658 390 1740 431; x_wconf 89' lang='lat' dir='ltr'>que</span> <span class='ocrx_word' id='word_1_157' title='bbox 1768 376 1882 419; x_wconf 86' lang='lat' dir='ltr'>circa</span> <span class='ocrx_word' id='word_1_158' title='bbox 1906 376 1964 419; x_wconf 88' lang='lat' dir='ltr'>la-</span> 
     </span>
     <span class='ocr_line' id='line_1_41' title="bbox 1164 446 1844 505; baseline 0.001 -16"><span class='ocrx_word' id='word_1_159' title='bbox 1164 451 1257 489; x_wconf 78' lang='lat' dir='ltr'>tera</span> <span class='ocrx_word' id='word_1_160' title='bbox 1288 448 1456 502; x_wconf 84' lang='lat' dir='ltr'>palmas</span> <span class='ocrx_word' id='word_1_161' title='bbox 1491 450 1650 503; x_wconf 83' lang='lat' dir='ltr'>gerunt</span> <span class='ocrx_word' id='word_1_162' title='bbox 1685 446 1844 505; x_wconf 53' lang='grc' dir='ltr'>(γίνῃ.)</span> 
     </span>
    </p>

    <p class='ocr_par' dir='ltr' id='par_1_9' title="bbox 1108 518 1612 561">
     <span class='ocr_line' id='line_1_42' title="bbox 1108 518 1612 561; baseline -0.004 0"><span class='ocrx_word' id='word_1_163' title='bbox 1108 519 1172 561; x_wconf 85' lang='lat' dir='ltr'>Ad</span> <span class='ocrx_word' id='word_1_164' title='bbox 1205 519 1350 561; x_wconf 91' lang='lat' dir='ltr'>lusum</span> <span class='ocrx_word' id='word_1_165' title='bbox 1383 518 1436 560; x_wconf 90' lang='lat' dir='ltr'>ad</span> <span class='ocrx_word' id='word_1_166' title='bbox 1468 518 1612 560; x_wconf 90' lang='lat' dir='ltr'>lucum</span> 
     </span>
    </p>

    <p class='ocr_par' dir='ltr' id='par_1_10' title="bbox 1104 586 2018 718">
     <span class='ocr_line' id='line_1_43' title="bbox 1104 586 2018 634; baseline 0.002 -2"><span class='ocrx_word' id='word_1_167' title='bbox 1104 591 1527 633; x_wconf 85' lang='lat' dir='ltr'>Admaniculandum</span> <span class='ocrx_word' id='word_1_168' title='bbox 1569 590 1773 633; x_wconf 81' lang='lat' dir='ltr'>addolum</span> <span class='ocrx_word' id='word_1_169' title='bbox 1817 595 1861 634; x_wconf 86' lang='lat' dir='ltr'>et</span> <span class='ocrx_word' id='word_1_170' title='bbox 1911 593 1963 634; x_wconf 86' lang='lat' dir='ltr'>ad</span> <span class='ocrx_word' id='word_1_171' title='bbox 1985 586 2018 626; x_wconf 57' lang='lat'>2⁵</span> 
     </span>
     <span class='ocr_line' id='line_1_44' title="bbox 1164 662 1668 718; baseline 0.004 -14"><span class='ocrx_word' id='word_1_172' title='bbox 1164 662 1325 705; x_wconf 89' lang='lat' dir='ltr'>strofas</span> <span class='ocrx_word' id='word_1_173' title='bbox 1360 663 1668 718; x_wconf 79' lang='lat' dir='ltr'>excogitandas</span> 
     </span>
    </p>

    <p class='ocr_par' dir='ltr' id='par_1_11' title="bbox 1104 733 1713 792">
     <span class='ocr_line' id='line_1_45' title="bbox 1104 733 1713 792; baseline 0 -16"><span class='ocrx_word' id='word_1_174' title='bbox 1104 735 1352 777; x_wconf 88' lang='lat' dir='ltr'>Admodum</span> <span class='ocrx_word' id='word_1_175' title='bbox 1384 734 1510 776; x_wconf 86' lang='lat' dir='ltr'>ualde</span> <span class='ocrx_word' id='word_1_176' title='bbox 1544 733 1611 791; x_wconf 79' lang='lat' dir='ltr'>(de</span> <span class='ocrx_word' id='word_1_177' title='bbox 1636 733 1713 792; x_wconf 60' lang='grc' dir='ltr'>φῖ.)</span> 
     </span>
    </p>

    <p class='ocr_par' dir='ltr' id='par_1_12' title="bbox 1103 806 1782 849">
     <span class='ocr_line' id='line_1_46' title="bbox 1103 806 1782 849; baseline 0.001 -1"><span class='ocrx_word' id='word_1_178' title='bbox 1103 806 1340 849; x_wconf 88' lang='lat' dir='ltr'>Adnictare</span> <span class='ocrx_word' id='word_1_179' title='bbox 1371 806 1560 848; x_wconf 88' lang='lat' dir='ltr'>inuitare</span> <span class='ocrx_word' id='word_1_180' title='bbox 1594 807 1782 849; x_wconf 81' lang='lat' dir='ltr'>arridere</span> 
     </span>
    </p>

    <p class='ocr_par' dir='ltr' id='par_1_13' title="bbox 1102 877 1963 1149">
     <span class='ocr_line' id='line_1_47' title="bbox 1102 877 1963 934; baseline 0.002 -14"><span class='ocrx_word' id='word_1_181' title='bbox 1102 877 1311 921; x_wconf 88' lang='lat' dir='ltr'>Adolebit</span> <span class='ocrx_word' id='word_1_182' title='bbox 1348 879 1531 920; x_wconf 89' lang='lat' dir='ltr'>uerbum</span> <span class='ocrx_word' id='word_1_183' title='bbox 1565 882 1631 920; x_wconf 90' lang='lat' dir='ltr'>est</span> <span class='ocrx_word' id='word_1_184' title='bbox 1670 879 1783 934; x_wconf 88' lang='lat' dir='ltr'>quod</span> <span class='ocrx_word' id='word_1_185' title='bbox 1826 881 1963 922; x_wconf 87' lang='lat' dir='ltr'>creuit</span> 
     </span>
     <span class='ocr_line' id='line_1_48' title="bbox 1164 950 1960 1009; baseline 0.003 -17"><span class='ocrx_word' id='word_1_186' title='bbox 1164 951 1383 1006; x_wconf 81' lang='lat' dir='ltr'>significat</span> <span class='ocrx_word' id='word_1_187' title='bbox 1399 950 1550 992; x_wconf 88' lang='lat' dir='ltr'>adoleo</span> <span class='ocrx_word' id='word_1_188' title='bbox 1566 950 1680 992; x_wconf 91' lang='lat' dir='ltr'>enim</span> <span class='ocrx_word' id='word_1_189' title='bbox 1696 954 1762 993; x_wconf 88' lang='lat' dir='ltr'>est</span> <span class='ocrx_word' id='word_1_190' title='bbox 1773 966 1918 994; x_wconf 84' lang='lat' dir='ltr'>cresco</span> <span class='ocrx_word' id='word_1_191' title='bbox 1929 951 1960 1009; x_wconf 70' lang='grc'>2)</span> 
     </span>
     <span class='ocr_line' id='line_1_49' title="bbox 1162 1022 1962 1066; baseline 0.003 -2"><span class='ocrx_word' id='word_1_192' title='bbox 1162 1023 1273 1064; x_wconf 86' lang='lat' dir='ltr'>unde</span> <span class='ocrx_word' id='word_1_193' title='bbox 1290 1022 1429 1064; x_wconf 86' lang='lat' dir='ltr'>adulti</span> <span class='ocrx_word' id='word_1_194' title='bbox 1444 1023 1646 1064; x_wconf 85' lang='lat' dir='ltr'>dicuntur</span> <span class='ocrx_word' id='word_1_195' title='bbox 1667 1023 1836 1065; x_wconf 88' lang='lat' dir='ltr'>iuuenis</span> <span class='ocrx_word' id='word_1_196' title='bbox 1857 1024 1962 1066; x_wconf 90' lang='lat' dir='ltr'>flore</span> 
     </span>
     <span class='ocr_line' id='line_1_50' title="bbox 1163 1094 1836 1149; baseline 0.001 -14"><span class='ocrx_word' id='word_1_197' title='bbox 1163 1094 1294 1148; x_wconf 72' lang='lat' dir='ltr'>etatis</span> <span class='ocrx_word' id='word_1_198' title='bbox 1327 1097 1371 1135; x_wconf 91' lang='lat' dir='ltr'>et</span> <span class='ocrx_word' id='word_1_199' title='bbox 1403 1094 1668 1136; x_wconf 86' lang='lat' dir='ltr'>incremento</span> <span class='ocrx_word' id='word_1_200' title='bbox 1702 1095 1836 1149; x_wconf 81' lang='lat' dir='ltr'>positi</span> 
     </span>
    </p>

    <p class='ocr_par' dir='ltr' id='par_1_14' title="bbox 1101 1164 1775 1223">
     <span class='ocr_line' id='line_1_51' title="bbox 1101 1164 1775 1223; baseline 0.001 -16"><span class='ocrx_word' id='word_1_201' title='bbox 1101 1164 1301 1207; x_wconf 86' lang='lat' dir='ltr'>Adorans</span> <span class='ocrx_word' id='word_1_202' title='bbox 1335 1166 1573 1220; x_wconf 89' lang='lat' dir='ltr'>adloquens</span> <span class='ocrx_word' id='word_1_203' title='bbox 1607 1164 1673 1222; x_wconf 80' lang='lat' dir='ltr'>(de</span> <span class='ocrx_word' id='word_1_204' title='bbox 1700 1164 1775 1223; x_wconf 66' lang='lat' dir='ltr'>ql.)</span> 
     </span>
    </p>

    <p class='ocr_par' dir='ltr' id='par_1_15' title="bbox 1100 1236 2016 1352">
     <span class='ocr_line' id='line_1_52' title="bbox 1100 1236 2016 1293; baseline 0.002 -14"><span class='ocrx_word' id='word_1_205' title='bbox 1100 1236 1272 1279; x_wconf 89' lang='lat' dir='ltr'>Adorea</span> <span class='ocrx_word' id='word_1_206' title='bbox 1303 1237 1428 1293; x_wconf 89' lang='lat' dir='ltr'>panis</span> <span class='ocrx_word' id='word_1_207' title='bbox 1462 1237 1667 1280; x_wconf 88' lang='lat' dir='ltr'>deardore</span> <span class='ocrx_word' id='word_1_208' title='bbox 1700 1238 1743 1280; x_wconf 87' lang='lat' dir='ltr'>id</span> <span class='ocrx_word' id='word_1_209' title='bbox 1776 1241 1842 1281; x_wconf 89' lang='lat' dir='ltr'>est</span> <span class='ocrx_word' id='word_1_210' title='bbox 1867 1239 1961 1281; x_wconf 89' lang='lat' dir='ltr'>laus</span> <span class='ocrx_word' id='word_1_211' title='bbox 1981 1248 2016 1273; x_wconf 86' lang='lat'>30</span> 
     </span>
     <span class='ocr_line' id='line_1_53' title="bbox 1159 1309 1317 1352; baseline 0.013 -2"><span class='ocrx_word' id='word_1_212' title='bbox 1159 1309 1317 1352; x_wconf 87' lang='lat' dir='ltr'>bellica</span> 
     </span>
    </p>

    <p class='ocr_par' dir='ltr' id='par_1_16' title="bbox 1099 1380 1911 1438">
     <span class='ocr_line' id='line_1_54' title="bbox 1099 1380 1911 1438; baseline 0.001 -16"><span class='ocrx_word' id='word_1_213' title='bbox 1099 1380 1273 1423; x_wconf 89' lang='lat' dir='ltr'>Adorea</span> <span class='ocrx_word' id='word_1_214' title='bbox 1304 1381 1419 1424; x_wconf 86' lang='lat' dir='ltr'>farra</span> <span class='ocrx_word' id='word_1_215' title='bbox 1451 1385 1500 1423; x_wconf 89' lang='lat' dir='ltr'>ut</span> <span class='ocrx_word' id='word_1_216' title='bbox 1534 1382 1647 1437; x_wconf 86' lang='lat' dir='ltr'>apud</span> <span class='ocrx_word' id='word_1_217' title='bbox 1679 1381 1911 1438; x_wconf 78' lang='lat' dir='ltr'>Uergilium</span> 
     </span>
    </p>

    <p class='ocr_par' dir='ltr' id='par_1_17' title="bbox 1099 1451 1835 1509">
     <span class='ocr_line' id='line_1_55' title="bbox 1099 1451 1835 1509; baseline 0 -15"><span class='ocrx_word' id='word_1_218' title='bbox 1099 1451 1265 1494; x_wconf 84' lang='lat' dir='ltr'>Adoria</span> <span class='ocrx_word' id='word_1_219' title='bbox 1297 1453 1438 1509; x_wconf 82' lang='lat' dir='ltr'>gloria</span> <span class='ocrx_word' id='word_1_220' title='bbox 1469 1454 1539 1495; x_wconf 88' lang='lat' dir='ltr'>uel</span> <span class='ocrx_word' id='word_1_221' title='bbox 1574 1454 1687 1496; x_wconf 91' lang='lat' dir='ltr'>bona</span> <span class='ocrx_word' id='word_1_222' title='bbox 1718 1453 1835 1495; x_wconf 83' lang='lat' dir='ltr'>fama</span> 
     </span>
    </p>

    <p class='ocr_par' dir='ltr' id='par_1_18' title="bbox 1101 1523 1962 1638">
     <span class='ocr_line' id='line_1_56' title="bbox 1101 1523 1962 1581; baseline 0.002 -15"><span class='ocrx_word' id='word_1_223' title='bbox 1101 1523 1361 1567; x_wconf 88' lang='lat' dir='ltr'>Adorientes</span> <span class='ocrx_word' id='word_1_224' title='bbox 1389 1525 1682 1568; x_wconf 86' lang='lat' dir='ltr'>adtrectantes</span> <span class='ocrx_word' id='word_1_225' title='bbox 1709 1526 1779 1568; x_wconf 92' lang='lat' dir='ltr'>uel</span> <span class='ocrx_word' id='word_1_226' title='bbox 1813 1526 1962 1581; x_wconf 80' lang='lat' dir='ltr'>adgre-</span> 
     </span>
     <span class='ocr_line' id='line_1_57' title="bbox 1162 1596 1328 1638; baseline 0.006 -1"><span class='ocrx_word' id='word_1_227' title='bbox 1162 1596 1328 1638; x_wconf 88' lang='lat' dir='ltr'>dientes</span> 
     </span>
    </p>

    <p class='ocr_par' dir='ltr' id='par_1_19' title="bbox 1104 1668 1652 1722">
     <span class='ocr_line' id='line_1_58' title="bbox 1104 1668 1652 1722; baseline 0 -12"><span class='ocrx_word' id='word_1_228' title='bbox 1104 1668 1275 1722; x_wconf 86' lang='lat' dir='ltr'>Adquid</span> <span class='ocrx_word' id='word_1_229' title='bbox 1308 1668 1442 1710; x_wconf 90' lang='lat' dir='ltr'>immo</span> <span class='ocrx_word' id='word_1_230' title='bbox 1477 1669 1559 1710; x_wconf 87' lang='lat' dir='ltr'>etsi</span> <span class='ocrx_word' id='word_1_231' title='bbox 1593 1669 1652 1710; x_wconf 85' lang='lat' dir='ltr'>sit</span> 
     </span>
    </p>

    <p class='ocr_par' dir='ltr' id='par_1_20' title="bbox 1100 1738 1727 1797">
     <span class='ocr_line' id='line_1_59' title="bbox 1100 1738 1727 1797; baseline 0.003 -16"><span class='ocrx_word' id='word_1_232' title='bbox 1100 1738 1329 1796; x_wconf 83' lang='lat' dir='ltr'>Adrogant</span> <span class='ocrx_word' id='word_1_233' title='bbox 1363 1740 1525 1781; x_wconf 89' lang='lat' dir='ltr'>addunt</span> <span class='ocrx_word' id='word_1_234' title='bbox 1557 1739 1624 1797; x_wconf 79' lang='lat' dir='ltr'>(dc</span> <span class='ocrx_word' id='word_1_235' title='bbox 1651 1739 1727 1797; x_wconf 61' lang='lat' dir='ltr'>ql.)</span> 
     </span>
    </p>

    <p class='ocr_par' dir='ltr' id='par_1_21' title="bbox 1101 1810 1960 2224">
     <span class='ocr_line' id='line_1_60' title="bbox 1101 1810 1960 1855; baseline 0.003 -3"><span class='ocrx_word' id='word_1_236' title='bbox 1101 1810 1302 1853; x_wconf 84' lang='lat' dir='ltr'>Adscibit</span> <span class='ocrx_word' id='word_1_237' title='bbox 1330 1811 1414 1853; x_wconf 86' lang='lat' dir='ltr'>sibi</span> <span class='ocrx_word' id='word_1_238' title='bbox 1438 1811 1635 1854; x_wconf 83' lang='lat' dir='ltr'>adiunxit</span> <span class='ocrx_word' id='word_1_239' title='bbox 1665 1813 1749 1855; x_wconf 89' lang='lat' dir='ltr'>sibi</span> <span class='ocrx_word' id='word_1_240' title='bbox 1771 1813 1960 1855; x_wconf 86' lang='lat' dir='ltr'>alienum</span> 
     </span>
     <span class='ocr_line' id='line_1_61' title="bbox 1162 1883 1959 1938; baseline 0.004 -14"><span class='ocrx_word' id='word_1_241' title='bbox 1162 1884 1276 1938; x_wconf 90' lang='lat' dir='ltr'>quod</span> <span class='ocrx_word' id='word_1_242' title='bbox 1313 1898 1402 1925; x_wconf 89' lang='lat' dir='ltr'>non</span> <span class='ocrx_word' id='word_1_243' title='bbox 1441 1883 1597 1925; x_wconf 81' lang='lat' dir='ltr'>habuit</span> <span class='ocrx_word' id='word_1_244' title='bbox 1637 1884 1959 1927; x_wconf 87' lang='lat' dir='ltr'>adsentationes</span> 
     </span>
     <span class='ocr_line' id='line_1_62' title="bbox 1159 1955 1959 2012; baseline 0.003 -16"><span class='ocrx_word' id='word_1_245' title='bbox 1159 1955 1202 1996; x_wconf 90' lang='lat' dir='ltr'>id</span> <span class='ocrx_word' id='word_1_246' title='bbox 1235 1958 1301 1997; x_wconf 90' lang='lat' dir='ltr'>est</span> <span class='ocrx_word' id='word_1_247' title='bbox 1334 1956 1561 1997; x_wconf 82' lang='lat' dir='ltr'>consensio</span> <span class='ocrx_word' id='word_1_248' title='bbox 1593 1958 1643 1997; x_wconf 91' lang='lat' dir='ltr'>ut</span> <span class='ocrx_word' id='word_1_249' title='bbox 1679 1956 1713 1998; x_wconf 92' lang='lat' dir='ltr'>si</span> <span class='ocrx_word' id='word_1_250' title='bbox 1749 1957 1843 2012; x_wconf 89' lang='lat' dir='ltr'>quis</span> <span class='ocrx_word' id='word_1_251' title='bbox 1876 1957 1959 1998; x_wconf 89' lang='lat' dir='ltr'>tibi</span> 
     </span>
     <span class='ocr_line' id='line_1_63' title="bbox 1161 2027 1959 2082; baseline 0.003 -14"><span class='ocrx_word' id='word_1_252' title='bbox 1161 2028 1211 2069; x_wconf 89' lang='lat' dir='ltr'>de</span> <span class='ocrx_word' id='word_1_253' title='bbox 1245 2027 1390 2082; x_wconf 89' lang='lat' dir='ltr'>aliqua</span> <span class='ocrx_word' id='word_1_254' title='bbox 1423 2042 1467 2068; x_wconf 91' lang='lat' dir='ltr'>re</span> <span class='ocrx_word' id='word_1_255' title='bbox 1495 2027 1610 2069; x_wconf 85' lang='lat' dir='ltr'>dicat</span> <span class='ocrx_word' id='word_1_256' title='bbox 1643 2030 1686 2069; x_wconf 88' lang='lat' dir='ltr'>et</span> <span class='ocrx_word' id='word_1_257' title='bbox 1717 2030 1766 2069; x_wconf 88' lang='lat' dir='ltr'>tu</span> <span class='ocrx_word' id='word_1_258' title='bbox 1798 2027 1863 2070; x_wconf 83' lang='lat' dir='ltr'>illi</span> <span class='ocrx_word' id='word_1_259' title='bbox 1896 2043 1959 2070; x_wconf 87' lang='lat' dir='ltr'>as-</span> 
     </span>
     <span class='ocr_line' id='line_1_64' title="bbox 1160 2099 1960 2153; baseline 0.003 -13"><span class='ocrx_word' id='word_1_260' title='bbox 1160 2099 1322 2140; x_wconf 86' lang='lat' dir='ltr'>sentias</span> <span class='ocrx_word' id='word_1_261' title='bbox 1354 2099 1446 2153; x_wconf 70' lang='lat' dir='ltr'>ipse</span> <span class='ocrx_word' id='word_1_262' title='bbox 1479 2114 1547 2140; x_wconf 90' lang='lat' dir='ltr'>res</span> <span class='ocrx_word' id='word_1_263' title='bbox 1581 2099 1768 2153; x_wconf 71' lang='lat' dir='ltr'>assentie</span> <span class='ocrx_word' id='word_1_264' title='bbox 1799 2114 1960 2142; x_wconf 90' lang='lat' dir='ltr'>nuncu-</span> 
     </span>
     <span class='ocr_line' id='line_1_65' title="bbox 1160 2172 1331 2224; baseline 0 -14"><span class='ocrx_word' id='word_1_265' title='bbox 1160 2172 1331 2224; x_wconf 89' lang='lat' dir='ltr'>pantur.</span> 
     </span>
    </p>

    <p class='ocr_par' dir='ltr' id='par_1_22' title="bbox 1100 2241 1881 2284">
     <span class='ocr_line' id='line_1_66' title="bbox 1100 2241 1881 2284; baseline 0 0"><span class='ocrx_word' id='word_1_266' title='bbox 1100 2241 1302 2284; x_wconf 87' lang='lat' dir='ltr'>Adscibit</span> <span class='ocrx_word' id='word_1_267' title='bbox 1335 2241 1522 2284; x_wconf 84' lang='lat' dir='ltr'>sociabit</span> <span class='ocrx_word' id='word_1_268' title='bbox 1553 2242 1623 2283; x_wconf 89' lang='lat' dir='ltr'>uel</span> <span class='ocrx_word' id='word_1_269' title='bbox 1657 2242 1881 2284; x_wconf 86' lang='lat' dir='ltr'>coniunxit</span> 
     </span>
    </p>

    <p class='ocr_par' dir='ltr' id='par_1_23' title="bbox 1101 2313 1699 2370">
     <span class='ocr_line' id='line_1_67' title="bbox 1101 2313 1699 2370; baseline 0.002 -15"><span class='ocrx_word' id='word_1_270' title='bbox 1101 2313 1394 2356; x_wconf 85' lang='lat' dir='ltr'>Adsciscenda</span> <span class='ocrx_word' id='word_1_271' title='bbox 1427 2313 1699 2370; x_wconf 78' lang='lat' dir='ltr'>adiungenda</span> 
     </span>
    </p>

    <p class='ocr_par' dir='ltr' id='par_1_24' title="bbox 1100 2385 1960 2514">
     <span class='ocr_line' id='line_1_68' title="bbox 1100 2385 1960 2429; baseline 0.002 -3"><span class='ocrx_word' id='word_1_272' title='bbox 1100 2385 1335 2427; x_wconf 84' lang='lat' dir='ltr'>Adsentiae</span> <span class='ocrx_word' id='word_1_273' title='bbox 1363 2385 1680 2428; x_wconf 82' lang='lat' dir='ltr'>assentationes</span> <span class='ocrx_word' id='word_1_274' title='bbox 1707 2386 1749 2428; x_wconf 88' lang='lat' dir='ltr'>id</span> <span class='ocrx_word' id='word_1_275' title='bbox 1771 2389 1838 2428; x_wconf 87' lang='lat' dir='ltr'>est</span> <span class='ocrx_word' id='word_1_276' title='bbox 1861 2401 1960 2429; x_wconf 89' lang='lat' dir='ltr'>con-</span> 
     </span>
     <span class='ocr_line' id='line_1_69' title="bbox 1161 2456 1959 2514; baseline 0.001 -15"><span class='ocrx_word' id='word_1_277' title='bbox 1161 2456 1303 2499; x_wconf 86' lang='lat' dir='ltr'>sensio</span> <span class='ocrx_word' id='word_1_278' title='bbox 1336 2459 1386 2498; x_wconf 92' lang='lat' dir='ltr'>ut</span> <span class='ocrx_word' id='word_1_279' title='bbox 1418 2456 1455 2498; x_wconf 92' lang='lat' dir='ltr'>si</span> <span class='ocrx_word' id='word_1_280' title='bbox 1485 2457 1580 2512; x_wconf 90' lang='lat' dir='ltr'>quis</span> <span class='ocrx_word' id='word_1_281' title='bbox 1615 2458 1696 2500; x_wconf 88' lang='lat' dir='ltr'>tibi</span> <span class='ocrx_word' id='word_1_282' title='bbox 1729 2458 1779 2500; x_wconf 88' lang='lat' dir='ltr'>de</span> <span class='ocrx_word' id='word_1_283' title='bbox 1813 2458 1959 2514; x_wconf 86' lang='lat' dir='ltr'>aliqua</span> 
     </span>
    </p>
   </div>
   <div class='ocr_carea' id='block_1_8' title="bbox 1979 1751 2014 1777">
    <p class='ocr_par' dir='ltr' id='par_1_25' title="bbox 1979 1751 2014 1777">
     <span class='ocr_line' id='line_1_70' title="bbox 1979 1751 2014 1777; baseline 0 0"><span class='ocrx_word' id='word_1_284' title='bbox 1979 1751 2014 1777; x_wconf 84' lang='lat'>35</span> 
     </span>
    </p>
   </div>
   <div class='ocr_carea' id='block_1_9' title="bbox 208 2811 1958 2978">
    <p class='ocr_par' dir='ltr' id='par_1_26' title="bbox 208 2811 1958 2978">
     <span class='ocr_line' id='line_1_71' title="bbox 306 2811 1958 2859; baseline 0.001 -12"><span class='ocrx_word' id='word_1_285' title='bbox 306 2818 334 2848; x_wconf 92' lang='lat'>1.</span> <span class='ocrx_word' id='word_1_286' title='bbox 363 2814 420 2847; x_wconf 84' lang='lat' dir='ltr'>est</span> <span class='ocrx_word' id='word_1_287' title='bbox 445 2825 510 2849; x_wconf 82' lang='lat' dir='ltr'>om.</span> <span class='ocrx_word' id='word_1_288' title='bbox 555 2814 567 2857; x_wconf 77' lang='grc' dir='ltr'>ΙΙ</span> <span class='ocrx_word' id='word_1_289' title='bbox 611 2817 642 2847; x_wconf 79' lang='lat'>2.</span> <span class='ocrx_word' id='word_1_290' title='bbox 676 2812 863 2857; x_wconf 86' lang='lat' dir='ltr'>Acceptus</span> <span class='ocrx_word' id='word_1_291' title='bbox 896 2814 954 2847; x_wconf 81' lang='lat' dir='ltr'>est</span> <span class='ocrx_word' id='word_1_292' title='bbox 993 2815 997 2856; x_wconf 76' lang='grc'>1</span> <span class='ocrx_word' id='word_1_293' title='bbox 1039 2811 1257 2857; x_wconf 80' lang='lat' dir='ltr'>accipitrem</span> <span class='ocrx_word' id='word_1_294' title='bbox 1289 2815 1387 2856; x_wconf 82' lang='lat' dir='ltr'>m.1,</span> <span class='ocrx_word' id='word_1_295' title='bbox 1427 2811 1568 2857; x_wconf 86' lang='lat' dir='ltr'>accipit</span> <span class='ocrx_word' id='word_1_296' title='bbox 1600 2823 1677 2846; x_wconf 87' lang='lat' dir='ltr'>rem</span> <span class='ocrx_word' id='word_1_297' title='bbox 1715 2824 1804 2849; x_wconf 73' lang='lat' dir='ltr'>corr.</span> <span class='ocrx_word' id='word_1_298' title='bbox 1832 2816 1915 2848; x_wconf 83' lang='lat' dir='ltr'>m.2</span> <span class='ocrx_word' id='word_1_299' title='bbox 1945 2813 1958 2859; x_wconf 84' lang='grc' dir='ltr'>ΙΙ</span> 
     </span>
     <span class='ocr_line' id='line_1_72' title="bbox 208 2871 1956 2918; baseline 0.001 -13"><span class='ocrx_word' id='word_1_300' title='bbox 208 2875 239 2906; x_wconf 87' lang='grc'>4.</span> <span class='ocrx_word' id='word_1_301' title='bbox 269 2872 386 2906; x_wconf 84' lang='lat' dir='ltr'>Acera</span> <span class='ocrx_word' id='word_1_302' title='bbox 412 2885 455 2907; x_wconf 84' lang='lat' dir='ltr'>m.</span> <span class='ocrx_word' id='word_1_303' title='bbox 473 2877 505 2917; x_wconf 88' lang='lat'>1,</span> <span class='ocrx_word' id='word_1_304' title='bbox 533 2873 595 2908; x_wconf 79' lang='lat' dir='ltr'>alt.</span> <span class='ocrx_word' id='word_1_305' title='bbox 624 2885 641 2906; x_wconf 89' lang='lat' dir='ltr'>r</span> <span class='ocrx_word' id='word_1_306' title='bbox 665 2884 847 2917; x_wconf 60' lang='lat' dir='ltr'>suprascr.</span> <span class='ocrx_word' id='word_1_307' title='bbox 875 2875 958 2908; x_wconf 61' lang='lat' dir='ltr'>m?</span> <span class='ocrx_word' id='word_1_308' title='bbox 999 2874 1002 2916; x_wconf 91' lang='grc' dir='ltr'>Ι</span> <span class='ocrx_word' id='word_1_309' title='bbox 1045 2872 1182 2906; x_wconf 84' lang='lat' dir='ltr'>fnratio</span> <span class='ocrx_word' id='word_1_310' title='bbox 1218 2875 1222 2916; x_wconf 69' lang='grc'>1</span> <span class='ocrx_word' id='word_1_311' title='bbox 1262 2883 1360 2917; x_wconf 86' lang='lat' dir='ltr'>pane</span> <span class='ocrx_word' id='word_1_312' title='bbox 1385 2883 1429 2906; x_wconf 80' lang='lat' dir='ltr'>m.</span> <span class='ocrx_word' id='word_1_313' title='bbox 1447 2875 1479 2915; x_wconf 86' lang='lat'>1,</span> <span class='ocrx_word' id='word_1_314' title='bbox 1512 2871 1621 2916; x_wconf 85' lang='lat' dir='ltr'>panis</span> <span class='ocrx_word' id='word_1_315' title='bbox 1647 2884 1691 2908; x_wconf 83' lang='lat' dir='ltr'>m.</span> <span class='ocrx_word' id='word_1_316' title='bbox 1708 2877 1732 2908; x_wconf 82' lang='grc'><em>2</em></span> <span class='ocrx_word' id='word_1_317' title='bbox 1765 2874 1777 2918; x_wconf 77' lang='grc' dir='ltr'>ΙΙ</span> <span class='ocrx_word' id='word_1_318' title='bbox 1816 2875 1846 2908; x_wconf 93' lang='grc'>9.</span> <span class='ocrx_word' id='word_1_319' title='bbox 1874 2873 1956 2908; x_wconf 87' lang='lat' dir='ltr'>retu</span> 
     </span>
     <span class='ocr_line' id='line_1_73' title="bbox 208 2931 1957 2978; baseline 0.002 -13"><span class='ocrx_word' id='word_1_320' title='bbox 208 2943 251 2965; x_wconf 83' lang='lat' dir='ltr'>m.</span> <span class='ocrx_word' id='word_1_321' title='bbox 273 2936 301 2974; x_wconf 82' lang='grc'>1,</span> <span class='ocrx_word' id='word_1_322' title='bbox 327 2933 408 2965; x_wconf 70' lang='lat' dir='ltr'>reta</span> <span class='ocrx_word' id='word_1_323' title='bbox 433 2945 476 2967; x_wconf 82' lang='lat' dir='ltr'>m.</span> <span class='ocrx_word' id='word_1_324' title='bbox 493 2936 515 2967; x_wconf 89' lang='lat'><em>3</em></span> <span class='ocrx_word' id='word_1_325' title='bbox 553 2934 565 2977; x_wconf 83' lang='grc' dir='ltr'>ΙΙ</span> <span class='ocrx_word' id='word_1_326' title='bbox 598 2936 652 2967; x_wconf 88' lang='grc'>11.</span> <span class='ocrx_word' id='word_1_327' title='bbox 685 2932 785 2966; x_wconf 88' lang='lat' dir='ltr'>Inter</span> <span class='ocrx_word' id='word_1_328' title='bbox 810 2933 821 2976; x_wconf 72' lang='grc' dir='ltr'>Η</span> <span class='ocrx_word' id='word_1_329' title='bbox 856 2936 908 2968; x_wconf 89' lang='grc'>13.</span> <span class='ocrx_word' id='word_1_330' title='bbox 934 2931 1042 2966; x_wconf 89' lang='lat' dir='ltr'>breui</span> <span class='ocrx_word' id='word_1_331' title='bbox 1068 2944 1110 2966; x_wconf 80' lang='lat' dir='ltr'>m.</span> <span class='ocrx_word' id='word_1_332' title='bbox 1129 2936 1160 2976; x_wconf 88' lang='lat'>1,</span> <span class='ocrx_word' id='word_1_333' title='bbox 1192 2931 1358 2966; x_wconf 87' lang='lat' dir='ltr'>breuiter</span> <span class='ocrx_word' id='word_1_334' title='bbox 1382 2943 1426 2966; x_wconf 84' lang='lat' dir='ltr'>m.</span> <span class='ocrx_word' id='word_1_335' title='bbox 1443 2933 1467 2966; x_wconf 77' lang='lat'><em>2</em></span> <span class='ocrx_word' id='word_1_336' title='bbox 1500 2932 1511 2975; x_wconf 90' lang='grc' dir='ltr'>ΙΙ</span> <span class='ocrx_word' id='word_1_337' title='bbox 1542 2935 1596 2967; x_wconf 89' lang='lat'>14.</span> <span class='ocrx_word' id='word_1_338' title='bbox 1625 2933 1712 2967; x_wconf 86' lang='lat' dir='ltr'>actu</span> <span class='ocrx_word' id='word_1_339' title='bbox 1746 2934 1758 2978; x_wconf 83' lang='grc' dir='ltr'>ΙΙ</span> <span class='ocrx_word' id='word_1_340' title='bbox 1791 2936 1844 2967; x_wconf 85' lang='grc'>17.</span> <span class='ocrx_word' id='word_1_341' title='bbox 1872 2936 1957 2968; x_wconf 69' lang='lat' dir='ltr'>ante</span> 
     </span>
    </p>
   </div>
   <div class='ocr_carea' id='block_1_10' title="bbox 211 2990 1957 3154">
    <p class='ocr_par' dir='ltr' id='par_1_27' title="bbox 211 2990 1957 3154">
     <span class='ocr_line' id='line_1_74' title="bbox 211 2990 1957 3036; baseline 0.001 -12"><span class='ocrx_word' id='word_1_342' title='bbox 211 2990 258 3024; x_wconf 79' lang='lat' dir='ltr'>ab</span> <span class='ocrx_word' id='word_1_343' title='bbox 286 2991 402 3025; x_wconf 70' lang='lat' dir='ltr'>deleta</span> <span class='ocrx_word' id='word_1_344' title='bbox 427 2992 450 3025; x_wconf 90' lang='lat' dir='ltr'>h</span> <span class='ocrx_word' id='word_1_345' title='bbox 479 2992 599 3027; x_wconf 71' lang='lat' dir='ltr'>littera</span> <span class='ocrx_word' id='word_1_346' title='bbox 631 2993 642 3036; x_wconf 86' lang='grc' dir='ltr'>ΙΙ</span> <span class='ocrx_word' id='word_1_347' title='bbox 671 2995 725 3026; x_wconf 89' lang='grc'>19.</span> <span class='ocrx_word' id='word_1_348' title='bbox 758 2990 1079 3036; x_wconf 86' lang='lat' dir='ltr'>perturbationem</span> <span class='ocrx_word' id='word_1_349' title='bbox 1104 2992 1115 3035; x_wconf 79' lang='grc' dir='ltr'>ΙΙ</span> <span class='ocrx_word' id='word_1_350' title='bbox 1148 2995 1203 3026; x_wconf 78' lang='grc'>22.</span> <span class='ocrx_word' id='word_1_351' title='bbox 1238 2991 1365 3025; x_wconf 86' lang='lat' dir='ltr'>releua</span> <span class='ocrx_word' id='word_1_352' title='bbox 1391 3002 1435 3025; x_wconf 61' lang='grc' dir='ltr'>επ</span> <span class='ocrx_word' id='word_1_353' title='bbox 1459 2990 1587 3025; x_wconf 82' lang='lat' dir='ltr'>reuela</span> <span class='ocrx_word' id='word_1_354' title='bbox 1607 3003 1698 3027; x_wconf 71' lang='lat' dir='ltr'>corr.</span> <span class='ocrx_word' id='word_1_355' title='bbox 1730 2993 1741 3035; x_wconf 84' lang='grc' dir='ltr'>ΙΙ</span> <span class='ocrx_word' id='word_1_356' title='bbox 1773 2995 1829 3026; x_wconf 82' lang='lat'>23.</span> <span class='ocrx_word' id='word_1_357' title='bbox 1856 2990 1921 3035; x_wconf 81' lang='lat' dir='ltr'>qui</span> <span class='ocrx_word' id='word_1_358' title='bbox 1945 2991 1957 3036; x_wconf 41' lang='lat' dir='ltr'>ij</span> 
     </span>
     <span class='ocr_line' id='line_1_75' title="bbox 212 3048 1956 3095; baseline 0.002 -13"><span class='ocrx_word' id='word_1_359' title='bbox 212 3052 267 3083; x_wconf 80' lang='lat'>27.</span> <span class='ocrx_word' id='word_1_360' title='bbox 294 3048 512 3084; x_wconf 80' lang='lat' dir='ltr'>Adnicitare</span> <span class='ocrx_word' id='word_1_361' title='bbox 543 3052 554 3094; x_wconf 81' lang='grc' dir='ltr'>Η</span> <span class='ocrx_word' id='word_1_362' title='bbox 586 3054 640 3085; x_wconf 75' lang='lat'>28.</span> <span class='ocrx_word' id='word_1_363' title='bbox 669 3050 822 3085; x_wconf 82' lang='lat' dir='ltr'>iuuenes</span> <span class='ocrx_word' id='word_1_364' title='bbox 855 3052 866 3095; x_wconf 77' lang='grc' dir='ltr'>Η</span> <span class='ocrx_word' id='word_1_365' title='bbox 898 3054 954 3086; x_wconf 86' lang='lat'>29.</span> <span class='ocrx_word' id='word_1_366' title='bbox 983 3049 1178 3094; x_wconf 84' lang='lat' dir='ltr'>alloquens</span> <span class='ocrx_word' id='word_1_367' title='bbox 1209 3051 1221 3094; x_wconf 78' lang='grc'>11</span> <span class='ocrx_word' id='word_1_368' title='bbox 1260 3053 1315 3084; x_wconf 87' lang='lat'>30.</span> <span class='ocrx_word' id='word_1_369' title='bbox 1351 3049 1513 3084; x_wconf 86' lang='lat' dir='ltr'>deadoro</span> <span class='ocrx_word' id='word_1_370' title='bbox 1545 3062 1589 3085; x_wconf 63' lang='grc' dir='ltr'>επ</span> <span class='ocrx_word' id='word_1_371' title='bbox 1621 3049 1802 3085; x_wconf 85' lang='lat' dir='ltr'>deardore</span> <span class='ocrx_word' id='word_1_372' title='bbox 1827 3061 1918 3086; x_wconf 76' lang='lat' dir='ltr'>corr.</span> <span class='ocrx_word' id='word_1_373' title='bbox 1945 3049 1956 3095; x_wconf 80' lang='grc' dir='ltr'>ΙΙ</span> 
     </span>
     <span class='ocr_line' id='line_1_76' title="bbox 211 3107 1476 3154; baseline 0.002 -13"><span class='ocrx_word' id='word_1_374' title='bbox 211 3111 264 3142; x_wconf 88' lang='grc'>31.</span> <span class='ocrx_word' id='word_1_375' title='bbox 293 3107 486 3153; x_wconf 86' lang='lat' dir='ltr'>uirgilium</span> <span class='ocrx_word' id='word_1_376' title='bbox 512 3111 523 3153; x_wconf 77' lang='grc' dir='ltr'>Η</span> <span class='ocrx_word' id='word_1_377' title='bbox 555 3113 609 3144; x_wconf 85' lang='grc'>36,</span> <span class='ocrx_word' id='word_1_378' title='bbox 639 3109 813 3144; x_wconf 87' lang='lat' dir='ltr'>Adscibit</span> <span class='ocrx_word' id='word_1_379' title='bbox 839 3113 929 3154; x_wconf 85' lang='lat' dir='ltr'>m.1‚</span> <span class='ocrx_word' id='word_1_380' title='bbox 955 3108 1128 3144; x_wconf 77' lang='lat' dir='ltr'>Adsciuit</span> <span class='ocrx_word' id='word_1_381' title='bbox 1155 3122 1196 3144; x_wconf 85' lang='lat' dir='ltr'>m.</span> <span class='ocrx_word' id='word_1_382' title='bbox 1213 3112 1238 3145; x_wconf 77' lang='lat'><strong><em>2</em></strong></span> <span class='ocrx_word' id='word_1_383' title='bbox 1261 3110 1266 3154; x_wconf 90' lang='grc' dir='ltr'>Ι</span> <span class='ocrx_word' id='word_1_384' title='bbox 1288 3108 1436 3154; x_wconf 63' lang='lat' dir='ltr'>ipsa‘e&#39;et</span> <span class='ocrx_word' id='word_1_385' title='bbox 1464 3109 1476 3153; x_wconf 80' lang='grc' dir='ltr'>ΙΙ</span> 
     </span>
    </p>
   </div>
  </div>
 </body>
</html>
