2175 3428
691 134 950 170 EXOERPTA
976 134 1041 168 EX
1067 134 1210 169 LIBRO
1239 132 1530 170 GLOSSARVM
1897 134 1981 174 247

226 244 457 300 Superaria
478 245 613 287 uestis
635 258 716 299 que
741 259 871 300 super
890 243 1084 286 induitur
1183 244 1298 286 enim
1345 247 1446 286 sunt
1496 246 1638 286 tactus
1684 243 1869 285 adflatus
1915 244 1983 285 ad-

225 316 466 373 Supercilio
501 317 593 372 tipo
630 316 808 359 fastidio
1182 317 1349 359 tonitus

224 389 462 445 Supercilio
497 388 701 444 superbia
713 386 748 445 1)
1122 388 1254 430 Tafos
1270 388 1548 443 sepulchrum
1569 402 1695 444 grece
1711 388 1983 444 epitaphium

224 460 521 517 Suppetitium
555 460 772 516 refugium
1182 474 1286 515 ergo
1312 460 1397 501 dici
1423 462 1570 514 potest
1591 460 1800 516 quidquid
1826 461 1871 502 in
1898 475 1982 502 me-

186 548 203 573 5
224 533 412 589 Supinus
446 534 498 575 ad
532 533 672 575 celum
702 535 871 574 erectus
904 529 1063 587 (Vir-9.)
1181 532 1333 573 moriis
1367 531 1575 573 scribitur

224 604 414 660 Supinus
450 607 588 646 semet
619 603 763 646 ferens
798 601 920 658 (Cic.)
1119 603 1269 659 Tagax
1302 602 1557 645 furunculus
2002 621 2036 646 20

223 676 503 732 Suscepimus
541 675 595 717 ad
640 674 834 717 animum
873 677 917 716 et
963 689 1078 715 men·
1120 675 1275 717 Talai-e
1313 675 1536 731 pecturale
1571 675 1639 717 uel
1680 677 1868 718 umerale
1909 678 1981 732 qui

228 774 232 777 >
281 751 370 790 tem
391 748 580 790 refertur
599 750 649 789 ut
670 745 1081 803 susceptumunus2)
1180 762 1317 803 usque
1352 747 1404 788 ad
1436 747 1565 802 pedes
1601 750 1667 789 est

279 821 438 876 perfice
482 833 639 861 munus
683 819 945 874 suscipimus
992 833 1080 860 cor·
1121 817 1295 876 Taleass)
1319 819 1516 861 surculus
1539 820 1652 875 quod
1673 821 1835 864 rustice
1856 823 1981 878 graf.

278 907 383 948 pore
410 895 460 934 ut
482 890 727 946 suscipiunt
750 891 964 933 famulum
986 906 1082 933 con-
1181 893 1256 933 arb
1278 926 1285 933 .
1307 892 1512 934 dicuntur

278 965 403 1020 lapsa
448 979 528 1020 que
575 964 771 1005 membra
819 963 1081 1018 suscipimus
1120 965 1252 1006 Taleo
1299 963 1455 1006 similis
1500 964 1696 1007 uindicta
1740 965 1782 1007 id
1823 969 1889 1008 est
1932 970 1980 1008 ut

280 1037 471 1092 aliquem
502 1038 759 1078 uenerantes
793 1033 873 1093 (R)
1180 1035 1330 1078 taliter
1362 1037 1436 1091 qui
1470 1037 1690 1092 spaciatur
1722 1040 1772 1079 ut
1804 1038 1909 1080 fecit

220 1109 408 1152 Susum-0
442 1111 738 1150 murmurator
1119 1108 1298 1150 Talione
1331 1108 1435 1152 facti
1469 1109 1773 1163 repensatione
1807 1109 1940 1152 simili

219 1181 374 1224 Sutilis
427 1196 535 1236 quae
587 1182 770 1223 consuta
820 1180 953 1222 fuerit
997 1180 1078 1221 hoc·
1118 1180 1278 1236 Talpae
1312 1195 1448 1237 genus
1482 1180 1709 1223 foeminini
2000 1199 2033 1222 κε)

275 1254 397 1296 iuxta
429 1253 659 1308 antiquum
692 1267 856 1295 morem
1118 1253 1256 1308 Talpa
1277 1267 1412 1309 genus
1440 1253 1711 1295 marisimilis
1724 1253 1757 1309 4)
1787 1257 1862 1296 aut
1884 1271 1979 1297 ocu-

1177 1325 1232 1367 lis
1279 1326 1396 1380 capti
1437 1326 1584 1367 fodere
1627 1327 1788 1368 cubilia
1833 1316 1978 1382 talpae

163 1413 196 1437 ιο
218 1398 449 1440 'sabanum
482 1397 692 1439 auxilium
1178 1396 1375 1439 feminini
1403 1411 1539 1453 genus
1571 1398 1771 1441 animalis
1799 1399 1977 1442 auribus

214 1470 380 1512 Tabida
406 1471 498 1513 lues
527 1470 680 1512 morbo
707 1470 837 1525 plena
863 1469 955 1511 siue
983 1484 1076 1511 cor·
1175 1468 1353 1511 noxium
1386 1469 1527 1511 hortis

274 1546 404 1599 rupta
1116 1542 1311 1583 Thamax
1343 1542 1631 1584 haebreorum
1666 1544 1816 1600 lingua
1846 1544 1977 1586 iulius

213 1615 380 1658 'rabida
413 1615 506 1657 lues
533 1617 583 1656 ut
614 1615 791 1670 pigrum
824 1614 964 1670 frigus
992 1616 1074 1655 tar·
1175 1614 1337 1656 mensis
1371 1614 1531 1656 dicitur
1563 1614 1706 1673 (Ise'd.)

273 1687 534 1730 dusenectus
1114 1686 1253 1728 Tarea
1266 1686 1402 1729 uestis
1418 1687 1539 1743 regia
1554 1690 1630 1730 aut
1644 1691 1749 1744 toga
1760 1704 1977 1744 piu-porea

213 1760 457 1802 Tabificum
488 1759 744 1814 pestilentia
1115 1759 1337 1801 Tautanos
1372 1759 1534 1802 cateias
1568 1760 1618 1802 de
1654 1761 1810 1816 quibus
1844 1762 1976 1818 uirgi-

214 1831 432 1874 Tabificus
467 1831 614 1873 tabem
646 1830 810 1873 faciens
1173 1831 1257 1873 lius
1302 1832 1526 1874 teutonico
1572 1832 1661 1874 ritu
1706 1833 1837 1876 solito
1890 1837 1975 1876 tor-

160 1917 192 1943 15
213 1904 333 1946 Tabo
373 1903 584 1960 sanguine
617 1905 843 1958 corrupto·
864 1903 955 1945 siue
989 1918 1074 1944 ma·
1173 1918 1303 1959 quere
1336 1903 1497 1946 cateias

273 1976 395 2019 chiae
429 1976 521 2018 siue
553 1975 719 2031 pallore
1113 1975 1282 2017 Thebet
1332 1975 1375 2017 in
1427 1976 1540 2018 libro
1587 1979 1702 2018 ester
1747 1978 1973 2020 december
1994 1992 2028 2016 30

211 2050 334 2092 Tabo
354 2049 595 2091 notandum
617 2048 731 2103 quod
753 2048 948 2090 ablatiuo
971 2062 1074 2089 casu
1173 2047 1334 2090 mensis
1370 2049 1443 2103 qui
1477 2052 1520 2090 et
1554 2049 1745 2091 decimus
1780 2050 1972 2107 (Edem)

273 2124 445 2164 tantum
490 2121 661 2163 dicatur
706 2123 750 2162 et
800 2120 934 2162 alium
985 2134 1071 2161 non
1110 2120 1280 2162 Thebet
1312 2121 1357 2162 in
1383 2121 1545 2163 hebrea
1570 2121 1722 2177 lingua
1751 2122 1971 2164 ianuarius

271 2193 427 2249 recipit
457 2208 605 2236 casum
1170 2192 1332 2235 mensis
1367 2193 1527 2235 dicitur
1558 2191 1772 2250 (Hieron.)

211 2266 412 2308 Tacitum
433 2265 565 2307 silens
586 2265 727 2307 latens
754 2265 824 2307 uel
853 2264 1072 2306 occultum
1110 2264 1268 2307 Tector
1301 2265 1470 2307 cautior
1498 2281 1652 2320 cyeero
1681 2266 1778 2321 quis
1812 2266 1971 2309 tectior

272 2337 474 2394 uirgilius
519 2337 686 2379 interea
728 2337 914 2379 tacitum
960 2336 1072 2378 uiuit
1171 2337 1267 2392 quis
1301 2336 1559 2392 prudentior
1595 2337 1753 2395 (Vz‘oy.)

272 2410 351 2452 sub
385 2411 560 2465 pectore
594 2408 751 2450 uulnus
785 2407 942 2466 (Viry.)
1109 2409 1343 2465 Tegularia
1375 2410 1589 2453 maleficia
1620 2425 1670 2453 eo
1698 2411 1810 2465 quod
1839 2427 1971 2466 supra

210 2482 369 2525 Tactus
444 2481 616 2537 fulgore
686 2496 916 2536 percussus
988 2481 1074 2523 tria
1170 2482 1342 2538 tegulas
1376 2483 1592 2525 sacrificet

308 2614 341 2655 1)
374 2611 398 2645 b
425 2624 469 2646 ex
495 2623 518 2645 11
550 2615 636 2647 md?
675 2612 686 2655 ΙΙ
724 2612 759 2656 2)
792 2623 886 2645 unus
919 2613 985 2647 del.
1013 2618 1092 2648 ml
1127 2615 1138 2658 ΙΙ
1176 2614 1211 2657 3)
1240 2617 1374 2658 poster.
1403 2624 1425 2647 a
1457 2625 1500 2648 eas
1527 2624 1547 2647 0
1580 2616 1684 2649 111,2.·
1720 2614 1888 2649 surculus

210 2672 386 2708 dicuntur
412 2672 498 2707 add.
524 2683 568 2706 m.
585 2674 610 2706 2
645 2672 657 2715 ΙΙ
695 2673 731 2715 4)
765 2676 850 2706 cente
876 2674 943 2707 aut
968 2685 1115 2718 rasura,
1140 2675 1180 2708 ‘in
1206 2686 1279 2719 qua
1306 2672 1481 2719 uirgilius
1506 2674 1578 2709 vicl.
1606 2674 1718 2718 fuisse
1749 2674 1761 2718 ΙΙ

306 2785 337 2816 3.
360 2779 536 2826 superui-a
555 2781 567 2824 ΙΙ
589 2783 619 2814 7.
642 2780 858 2824 susceptum
877 2780 1014 2825 profice
1038 2783 1041 2823 1
1065 2780 1232 2816 fumulae
1255 2783 1260 2825 l
1282 2781 1436 2816 menbra
1456 2784 1468 2826 ΙΙ
1493 2785 1543 2816 11.
1566 2780 1646 2815 lues
1661 2793 1726 2816 om.
1747 2783 1759 2824 Η
1781 2785 1834 2815 12.
1856 2781 1967 2816 tarda

210 2842 382 2877 senectus
401 2842 413 2886 ΙΙ
435 2844 489 2875 15.
516 2839 662 2874 maome
689 2851 733 2875 ew
758 2839 916 2874 machae
941 2853 1032 2877 corr.
1053 2844 1065 2886 ΙΙ
1086 2844 1141 2877 19.
1170 2841 1364 2887 epitafium
1387 2844 1391 2887 Ι
1415 2841 1491 2876 dici
1510 2853 1554 2877 ex
1574 2840 1633 2875 dic
1654 2853 1745 2876 corr.
1767 2843 1777 2884 Η
1798 2845 1854 2877 21.
1881 2852 1965 2887 pec-

210 2901 330 2936 torale
355 2913 399 2936 esc
423 2899 617 2946 pecturale
644 2911 736 2935 corr.
771 2902 775 2942 Ι
810 2899 1003 2935 humerale
1039 2905 1042 2942 Ι
1077 2901 1298 2946 quodusque
1325 2914 1369 2937 esc
1394 2901 1579 2946 quiusque
1605 2912 1695 2936 corr.
1735 2901 1746 2944 ss
1783 2904 1838 2936 22.
1871 2901 1966 2937 hanc

207 2963 255 3008 ql.
282 2947 348 2997 om'.
375 2962 387 3005 ΙΙ
412 2964 469 2996 ⁴23.
496 2959 705 2994 uindictam
730 2962 741 3003 ΙΙ
767 2963 823 2995 24.
850 2960 1014 2995 Taleone
1039 2973 1084 2997 ex
1109 2961 1266 2996 Talione
1293 2973 1384 2997 corr.
1411 2963 1422 3005 ΙΙ
1448 2965 1503 2996 25,
1531 2959 1703 2995 feminini
1729 2962 1739 3005 ΙΙ
1768 2964 1824 2996 26.
1852 2960 1964 2995 muri-

209 3021 344 3056 similis
370 3033 414 3056 ex
439 3019 673 3054 marisimilis
699 3030 790 3055 corr.
821 3021 825 3063 Ι
859 3019 1034 3067 uirgilius
1061 3022 1128 3055 aut
1158 3024 1163 3066 Ι
1197 3020 1302 3066 talpe
1327 3033 1372 3056 em
1396 3020 1534 3066 talipse
1560 3024 1602 3056 ut
1625 3020 1700 3056 vid.
1727 3032 1818 3056 corr.
1847 3022 1852 3065 Ι
1887 3021 1963 3056 foe—

208 3080 343 3115 minini
371 3083 376 3124 1
411 3079 558 3126 generis
585 3091 630 3115 ex
655 3090 773 3126 genus
799 3090 890 3115 corr.
919 3083 924 3121 Ι
959 3080 1117 3115 animali
1149 3093 1193 3116 ea:
1224 3080 1400 3115 animalis
1426 3092 1517 3116 corr.
1547 3082 1551 3123 Ι
1585 3079 1754 3115 muribus
1786 3082 1964 3127 scriptum

209 3146 242 3177 et
266 3142 332 3177 del.
352 3142 364 3186 ss
383 3144 439 3177 27.
467 3139 609 3175 Taniaz
629 3141 641 3185 ΙΙ
661 3143 716 3175 28.
744 3150 911 3185 puporea
930 3141 942 3186 Η
962 3144 1017 3176 32.
1047 3140 1196 3176 caucior
1219 3144 1222 3186 ῑ
1246 3140 1366 3176 cicero
1385 3142 1397 3186 ῃ
1426 3143 1481 3176 33.
1509 3140 1682 3175 malefica
1706 3141 1717 3185 ΙΙ
