2221 3490
679 164 936 200 EXCERPTA
961 164 1026 199 EX
1053 164 1244 200 GLOSSIS
1271 163 1495 199 AYNARDI

213 273 409 330 Lupatus
442 274 614 316 frenum
646 289 973 316 sarracenorum

213 346 378 388 Lenteo
412 348 477 388 est
510 347 660 388 tardus
695 346 834 388 efficio

213 417 425 459 Lentesco
459 419 526 459 est
559 417 708 458 tardus
743 416 883 458 efficio

213 487 424 530 Lentesco
459 491 525 530 est
557 488 741 530 adhereo
774 489 844 530 uel
878 488 1002 529 flecto

178 573 193 597 5
213 558 389 601 Lemois
417 563 483 600 est
510 559 600 600 dies
629 559 702 614 qui
728 560 840 614 apud
868 560 1071 614 antiquos

274 631 422 687 magni
455 631 634 672 honoris
663 633 756 671 erat
782 632 893 672 unde
921 634 963 672 et
992 631 1072 672 sol-

274 703 456 751 lemnis,
483 702 572 744 dies
625 702 736 743 festa
787 702 945 743 dicitur
991 716 1071 755 que

274 789 431 830 magno
479 773 777 814 anniuersario
827 773 1072 814 celebratur

275 861 326 887 ex
359 860 443 900 quo
478 847 521 886 et
548 844 753 886 lemnisce
783 844 983 886 dicuntur
1007 859 1073 886 co-

274 932 377 959 rone
409 932 490 972 que
525 916 575 957 de
608 916 755 958 fasciis
787 916 951 958 fiebant

214 988 373 1044 Ligula
405 992 472 1030 est
506 988 696 1043 corrigia

212 1059 375 1101 Loteus
409 1062 474 1102 est
507 1060 748 1102 obliuiosus

213 1131 364 1173 Limus
399 1135 464 1173 est
495 1133 631 1174 uestis
660 1147 744 1186 qua
778 1134 988 1187 teguntur
1017 1132 1070 1174 ab

272 1203 480 1245 umbilico
533 1218 668 1258 usque
719 1204 770 1245 ad
818 1205 949 1259 pedes
997 1219 1072 1258 pu-

273 1275 410 1316 denda

212 1346 346 1403 Latro
386 1346 487 1388 hinc
527 1346 652 1388 miles
687 1347 929 1400 obsequens
963 1346 1072 1388 dice-

275 1420 402 1460 batur
423 1418 497 1472 qui
519 1419 666 1460 stabat
688 1432 808 1460 secus
830 1417 1072 1473 principem

273 1493 316 1531 et
336 1491 389 1531 ad
412 1505 536 1531 omne
558 1489 789 1531 discrimen
811 1490 1070 1532 mittebatur

272 1562 342 1603 uel
376 1562 510 1603 etiam
542 1562 666 1617 quasi
704 1561 922 1603 laterones
957 1563 1070 1616 quod

272 1634 393 1675 iuxta
425 1647 578 1688 regum
615 1633 754 1675 latera
785 1636 953 1675 starent

161 1719 194 1744 10
212 1705 382 1748 Lutifer
415 1709 481 1747 est
514 1705 656 1746 lutum
690 1706 832 1747 ferens

214 1777 430 1820 Licinium
463 1779 529 1818 est
564 1777 678 1832 quod
711 1777 761 1818 de
794 1777 971 1819 candela
1003 1777 1072 1819 uel

273 1850 450 1891 lucerna
508 1849 760 1905 emungitur
811 1852 860 1890 ut
917 1848 1072 1890 melius

273 1921 422 1963 ardeat

212 2064 520 2119 Missiocaptus
555 2067 621 2106 est
653 2064 906 2119 ingeniosus

213 2136 503 2178 Mercedarius
537 2139 604 2177 est
637 2135 710 2191 qui
743 2136 961 2178 mercedes
996 2136 1070 2177 dat

212 2208 458 2264 Moglatum
491 2210 556 2249 est
589 2211 895 2250 conseruatum

160 2292 194 2317 15
213 2280 362 2322 Musso
385 2282 451 2321 est
477 2279 727 2334 frequenter
748 2295 970 2321 murmuro
999 2280 1067 2321 uel

272 2352 422 2394 dubito
455 2351 526 2393 uel
559 2365 712 2393 uereor

213 2424 379 2466 Mussio
420 2426 486 2465 est
527 2426 668 2465 cattus
703 2438 751 2465 eo
785 2424 901 2478 quod
941 2424 1069 2465 muri-

272 2496 353 2538 bus
386 2496 443 2537 sit
476 2495 661 2536 infestus

213 2568 387 2609 Mentor
431 2566 501 2608 uel
544 2567 770 2622 policletes
816 2568 885 2609 uel
926 2569 1071 2610 clusor

274 2642 375 2682 sunt
409 2640 650 2694 scluptores

214 2711 413 2754 Mitiscus
441 2714 507 2753 est
534 2711 610 2752 ubi
635 2710 766 2752 homo
794 2714 914 2753 tenet
940 2712 1070 2767 pedes

273 2797 370 2825 cum
404 2783 524 2824 sedet
555 2783 598 2824 111
632 2797 741 2838 equo

214 2854 366 2910 Merga
399 2858 466 2896 est
498 2854 620 2897 furca

162 2940 196 2964 20
215 2925 404 2968 Marisca
436 2929 502 2968 est
536 2941 718 2968 coenum

215 2997 474 3040 Mensurnus
508 3001 574 3040 est
607 3012 709 3054 eger
741 2997 925 3054 singulis
959 3014 1072 3040 men-

276 3070 394 3111 sibus
430 3070 643 3125 languens

215 3140 461 3197 Mapponus
495 3144 561 3185 est
593 3142 738 3197 apollo

1879 164 1962 204 621

1110 273 1246 315 Molio
1281 276 1347 314 est
1380 275 1526 315 custos
1561 272 1797 314 molendini

1112 343 1252 386 Morio
1286 347 1352 386 est
1384 344 1503 386 follis

1111 415 1292 456 Murena
1318 419 1384 456 est
1416 415 1547 470 piscis
1575 415 1686 457 idest
1719 415 1968 470 lampraeda
1988 426 2021 451 2⁵

1110 486 1300 528 Mimital
1334 490 1400 528 est
1446 486 1605 541 speties
1645 487 1859 541 pulmenti
1897 487 1967 528 uel

1170 557 1364 599 fracmen
1396 558 1520 611 panis
1555 558 1623 600 uel
1656 558 1746 613 ligo
1773 557 1844 599 uel
1876 572 1967 611 spe-

1172 629 1253 669 ties
1299 628 1542 670 indumenti
1586 629 1654 670 uel
1701 629 1806 669 illud
1853 628 1968 681 quod

1170 699 1347 754 ponitur
1388 700 1434 741 in
1473 700 1645 741 latrinis
1689 700 1739 740 ad
1779 713 1966 754 purgan-

1172 771 1273 812 dum
1307 786 1436 812 anum
1470 769 1619 827 (anum
1647 786 1725 825 pro
1760 769 1868 827 31111)

1111 841 1269 884 Μ611(13
1300 843 1369 884 1161
1398 843 1602 884 mendum
1629 843 1895 884 mendatium
1923 842 1968 883 in

1171 915 1387 968 scriptura

1109 985 1296 1039 Mannus
1331 1000 1466 1040 equus
1500 1002 1660 1041 paruus

1109 1056 1236 1098 Medo
1272 1061 1338 1099 est
1369 1061 1500 1112 potus
1535 1059 1609 1113 qui
1642 1058 1692 1099 fit
1726 1073 1775 1099 ex
1809 1058 1936 1099 melle

1108 1129 1348 1171 Meratrum
1382 1132 1448 1171 est
1479 1129 1615 1171 herba
1642 1130 1692 1171 de
1721 1144 1805 1184 qua
1832 1143 1969 1171 come·
1989 1144 2023 1167 30

1171 1201 1278 1242 dunt
1318 1204 1539 1256 serpentes
1573 1204 1616 1243 et
1655 1204 1817 1243 exuunt
1850 1204 1967 1242 uetu-

1172 1276 1333 1314 statem

1110 1344 1249 1386 Melos
1277 1348 1344 1386 est
1370 1345 1512 1386 bestia
1537 1359 1618 1399 que
1646 1347 1828 1387 uocatur
1854 1345 1966 1386 tasio

1169 1417 1270 1458 hinc
1303 1416 1484 1458 melotes
1518 1417 1653 1472 pelles
1687 1417 1889 1458 dicuntur

1108 1488 1384 1530 Meritorium
1418 1489 1571 1530 domus
1606 1488 1847 1530 meretricis

1109 1560 1304 1616 Mininge
1338 1563 1440 1602 sunt
1472 1560 1669 1614 iuncture
1703 1560 1859 1615 capitis

1110 1632 1284 1674 Meraca
1318 1635 1384 1674 est
1416 1632 1585 1687 puritas
1617 1632 1687 1673 uel
1715 1631 1967 1674 calciamen-

1170 1707 1265 1745 tum
1299 1704 1519 1746 clauatum

1110 1775 1310 1818 Mirmica
1342 1775 1501 1818 dicitur
1532 1776 1715 1818 formica
1988 1788 2022 1813 35

1109 1847 1419 1890 Momentatim
1453 1851 1519 1889 est
1553 1848 1698 1889 subito

1110 1919 1308 1961 Moratus
1343 1923 1409 1961 est
1443 1919 1635 1961 moribus
1670 1921 1848 1961 ornatus

1112 1991 1363 2047 Magudaris
1403 1995 1470 2034 est
1510 1991 1645 2033 caulis
1685 1991 1814 2046 siligo
1855 1990 1968 2031 idest

1170 2079 1306 2119 genus
1339 2064 1547 2105 frumenti
1582 2063 1752 2105 candidi

1108 2207 1234 2250 Nicto
1293 2211 1360 2249 est
1420 2208 1533 2264 quod
1594 2206 1753 2249 rustice
1810 2205 1969 2248 dicitur

1169 2294 1304 2321 0611110
1581 2265 1588 2270 .

1109 2351 1331 2393 Nitalmus
1347 2353 1414 2392 est
1430 2350 1504 2406 qui
1524 2349 1727 2392 noctibus
1743 2365 1830 2391 non
1845 2349 1965 2390 uidet
1988 2365 2023 2389 40

1108 2422 1251 2466 Nauci
1283 2426 1349 2465 est
1381 2425 1720 2479 purgamentum
1753 2422 1876 2464 nucis

1109 2495 1245 2551 Nipse
1280 2499 1347 2537 est
1379 2495 1478 2536 13113
1509 2495 1629 2536 uidet

1109 2567 1247 2622 Nipse
1280 2567 1415 2622 podas
1449 2566 1548 2607 13113
1581 2565 1709 2620 pedes

1111 2639 1258 2694 Napta
1272 2642 1339 2681 est
1355 2653 1489 2694 genus
1506 2637 1672 2679 fomitis
1692 2637 1804 2692 apud
1819 2652 1966 2692 persas

1157 2711 1256 2765 'quo
1288 2710 1486 2752 incendia
1519 2709 1694 2750 aluntur

1110 2781 1376 2837 Naustologi
1398 2785 1500 2824 sunt
1527 2782 1743 2823 mercedes
1766 2796 1847 2836 que
1869 2781 1968 2822 dan·
1988 2795 2022 2820 45

1172 2857 1243 2895 tur
1262 2854 1407 2896 nautis
1428 2857 1608 2910 propter
1629 2853 1822 2908 regimen
1842 2853 1967 2895 nauis

1171 2927 1241 2967 uel
1274 2929 1538 2968 mercatores

1112 2997 1394 3040 Nasturtium
1427 3000 1494 3039 est
1526 2996 1630 3038 bufo

1111 3069 1371 3125 Nemancipi
1410 3069 1569 3111 dicitur
1610 3068 1720 3110 liber
1760 3068 1861 3110 111110
1899 3084 1968 3111 116-

1171 3142 1442 3197 mancipatus
