2221 3490
223 163 311 203 404

222 272 385 314 Brittia
418 288 562 315 cressa

222 344 444 400 Braugina
477 345 622 387 barice

220 415 350 457 Bulla
381 416 465 472 sig]

218 486 315 529 Bux
347 488 432 530 box

171 546 199 595 ’5
218 559 351 602 Butio
385 563 487 615 cyta

217 631 374 673 Buccis
410 632 497 674 oris

217 702 446 746 Busticeta
471 704 593 747 locus
620 706 697 747 ubi
718 706 962 748 conburant
989 722 1077 749 cor-

276 791 384 831 pora

216 847 407 890 Burrum
440 849 585 892 rufum

215 919 356 961 Busta
388 920 526 963 incisa
558 922 688 964 arbor
719 923 854 965 ramis

163 1003 196 1027 10
215 992 445 1035 Busticeta
477 994 707 1049 sepulchra
739 995 785 1036 in
817 1009 922 1051 agro

214 1064 369 1107 Bullae
398 1069 654 1108 ornamenta
682 1067 896 1122 regalium
921 1068 1076 1109 camel-

273 1138 417 1180 lorum

215 1209 340 1252 Bubo
374 1210 456 1252 uus

213 1281 378 1324 Butum
410 1282 614 1324 inbutum
643 1273 646 1276 ⁴

213 1353 404 1396 Buculus
438 1355 661 1410 rondbaeg

160 1434 193 1460 15
212 1425 415 1468 Bulimus
442 1426 603 1468 uermis
632 1426 788 1469 similis
814 1427 1001 1470 lacertae
1029 1429 1074 1470 in

272 1499 500 1541 stomacho
533 1499 724 1541 hominis
756 1499 962 1542 habitans

211 1570 341 1612 Buris
376 1571 708 1613 curbamentum
741 1572 875 1613 aratri

211 1641 401 1684 Burrum
438 1643 582 1685 bruun

211 1713 377 1756 Burrus
410 1715 535 1771 niger

212 1785 395 1829 Bubulis
431 1786 494 1844 (ul
519 1803 600 1842 pro
634 1789 674 1830 al
707 1786 831 1845 corr.)
871 1789 1072 1831 weosend

159 1874 193 1899 20
213 1858 422 1901 Bumaste
485 1875 572 1903 uua
634 1861 679 1903 in
739 1862 1071 1904 similitudinem

270 1947 484 1974 mammae

210 2002 447 2046 Bustantes
482 2005 740 2060 sepelientes

210 2075 350 2117 Bullit
384 2079 522 2118 scatet
553 2076 695 2119 feruet

210 2146 427 2189 Bucerum
460 2163 592 2202 pecus
625 2149 799 2191 bubalis

210 2217 379 2260 Bucula
411 2235 544 2262 uacca

156 2304 190 2330 25
210 2290 433 2333 Buccones
468 2293 593 2334 stulti
629 2292 663 2350 (i
688 2308 768 2347 pro
796 2309 817 2336 e
848 2293 970 2353 corr.)
1003 2311 1070 2338 ru-

271 2363 370 2406 stici

209 2433 382 2490 Burgos
416 2438 558 2477 castra

209 2505 436 2549 Bullantes
468 2522 604 2562 aquae
639 2523 736 2550 cum
770 2511 990 2552 exundant

210 2578 414 2620 Buteriae
447 2582 644 2621 armenta

209 2649 400 2693 Buccula
431 2651 545 2693 buuc

155 2735 189 2759 30
210 2721 395 2764 Bustum
429 2724 689 2766 conbustum

208 2792 404 2835 Bumbus
439 2809 569 2837 sonus
602 2797 790 2852 impetus

207 2864 413 2907 Bucitum
447 2870 570 2909 seotu

207 2936 340 2979 Butio
372 2937 518 2993 frysca

209 3006 351 3050 Bunia
375 3009 516 3064 byden

155 3090 189 3116 35
210 3078 353 3121 Bubla
384 3081 497 3122 flood

208 3150 397 3208 Byssum
430 3152 526 3194 tuin

473 163 714 199 SPECIMEN
741 162 926 199 CODICIS
953 163 1193 201 CANTABR.
1221 164 1443 200 COLLEGH
1469 164 1603 202 CORP.
1631 165 1737 202 CHR.

1118 276 1405 332 Bythalasma
1447 275 1524 317 ubi
1568 275 1652 317 duo
1699 276 1837 318 maria
1882 291 1978 319 con-

1177 348 1359 390 ueniunt

1117 419 1307 475 Byrseus
1341 419 1622 476 lederuyrhta

1117 491 1306 548 Byssum
1338 495 1506 534 tortum
1539 492 1716 534 siricum

1117 564 1256 620 Byrsa
1289 564 1454 607 corium
1994 581 2030 607 40

1115 780 1312 837 Dapsilis
1345 781 1550 837 profusus

1116 854 1263 896 Dalila
1294 854 1558 909 paupercula

1114 925 1427 968 Damasculum
1497 925 1754 981 sanguinem
1820 926 1974 967 bibens

1175 996 1293 1055 (haec
1312 1000 1392 1040 duo
1411 1012 1490 1040 voc.
1512 999 1606 1039 adcl.
1620 995 1833 1054 corrector)
1855 1012 1975 1039 oscu-

1172 1071 1264 1112 lum
1297 1070 1524 1126 sanguinis

1114 1143 1271 1199 Dagon
1304 1142 1471 1185 idolum

1113 1215 1266 1258 Dande
1299 1216 1398 1256 date
1993 1230 2028 1255 45

1112 1287 1256 1329 Dauid
1286 1285 1548 1329 manufortis
1576 1286 1645 1328 uel
1673 1286 1972 1328 desiderabilis

1112 1358 1326 1401 Dactulus
1359 1359 1524 1415 digitus

1111 1431 1254 1474 Danai
1287 1431 1405 1488 greci

1112 1504 1300 1559 Dapsele
1335 1503 1510 1559 cupiose

1110 1576 1361 1619 Dalmatica
1410 1576 1559 1618 tunica
1614 1575 1728 1617 latas
1778 1574 1970 1617 manicas
1991 1590 2026 1615 50

1170 1648 1336 1690 habens

1110 1719 1277 1762 Damus
1309 1720 1529 1762 fenerator

1111 1792 1298 1835 Damma
1330 1793 1473 1835 bestia
1505 1792 1548 1834 id
1580 1795 1647 1835 est
1679 1793 1775 1834 eola

1110 1865 1298 1907 Damma
1319 1866 1501 1921 caprioli
1523 1864 1678 1907 similis
1701 1879 1830 1920 capra
1850 1878 1969 1921 agre-

1170 1939 1251 1980 stis

1109 2010 1358 2053 Datuenum
1389 2011 1541 2053 uendit

1109 2082 1308 2125 Daticius
1346 2083 1532 2124 latinum
1569 2096 1657 2124 non
1690 2084 1756 2123 est
1795 2082 1868 2123 sed
1901 2081 1969 2122 de·
1987 2094 2022 2121 55

1169 2154 1343 2196 diticius
1390 2155 1427 2196 si
1473 2155 1686 2196 barbarus
1732 2153 1877 2194 tradat
1922 2167 1966 2194 se

1169 2227 1360 2268 romanis
1394 2225 1625 2269 dediticius
1659 2225 1819 2268 dicitur

1109 2298 1274 2340 Damde
1309 2297 1431 2353 dapis
1465 2296 1539 2356 (da
1571 2299 1617 2340 in
1647 2295 1750 2354 ras.)
1783 2297 1905 2340 cibus

1108 2370 1253 2426 Dapes
1286 2370 1373 2412 cibi
1405 2370 1583 2413 latiores

1107 2441 1400 2485 Declamanda
1432 2444 1485 2484 ad
1517 2443 1689 2485 laudem
1721 2442 1912 2497 pertinet

1105 2513 1340 2556 Defrutum
1373 2515 1518 2557 coerin

1105 2585 1335 2628 Detulerat
1367 2588 1525 2629 brohte
1984 2599 2019 2624 60

1105 2657 1366 2713 Despicatus
1400 2660 1623 2715 disruptus

1106 2728 1331 2772 Delicatus
1364 2734 1497 2773 wrast

1105 2800 1376 2857 Deportatus
1404 2817 1530 2858 quem
1559 2817 1636 2844 sua
1667 2802 1782 2844 bona
1807 2802 1851 2844 in
1879 2801 1964 2843 exi-

1164 2873 1271 2915 lium
1300 2890 1389 2916 non
1422 2877 1626 2917 secuntur

1104 2944 1318 2987 Destituit
1351 2946 1562 3002 obgibeht

1109 3015 1407 3059 Deuotaturus
1439 3018 1657 3074 wergendi
1981 3029 2015 3055 65

1104 3086 1231 3131 Desis
1266 3104 1395 3144 suuer

1105 3159 1257 3203 Defert
1288 3166 1423 3218 negat
