2216 3402
280 154 346 188 XX
1012 153 1283 189 PRAEFATIO

285 263 409 316 1471,
441 263 547 304 item
579 263 624 304 in
656 263 874 305 codicibus
909 260 1310 304 Cassinensibus
1344 263 1412 319 90,
1445 263 1543 315 217,
1569 262 1655 304 402
1688 264 1879 317 exstant,
1911 261 2020 304 eius-

279 334 376 375 dem
403 334 583 389 originis
617 337 717 375 sunt
744 349 840 375 cum
874 333 1017 374 codice
1044 331 1298 375 Vaticano
1336 319 1459 384 1469,
1486 334 1536 375 de
1564 348 1648 389 quo
1676 333 1802 374 modo
1829 332 1935 374 dixi:
1968 347 2018 374 ex

279 404 434 459 quibus
466 405 589 446 libiis
623 406 675 446 ad
708 404 996 446 emendandas
1029 404 1197 460 glossas
1234 404 1502 446 Placideas
1535 403 1644 445 nihil
1676 404 1767 459 peti
1798 418 1924 494 posse
1956 403 2018 444 in-

278 476 495 517 tellexisse
528 476 636 517 mihi
669 476 787 517 visus
820 490 926 516 sum.
1621 512 1631 520 ,

396 547 514 589 Η366
551 547 684 587 habui
725 561 832 601 quae
872 547 922 588 de
960 545 1162 589 Placidi
1200 547 1420 589 codicibus
1461 558 1728 602 exponerem.
1791 545 1904 587 ΜΑΗ
1935 529 2017 587 edi-

277 619 417 659 tiones
456 633 594 672 neque
632 617 782 672 plenas
821 632 957 672 neque
995 618 1146 672 planas
1185 618 1320 660 fuisse
1360 621 1403 660 et
1442 618 1516 659 alii
1548 618 1940 672 pronuntiaverunt
1977 619 2021 658 et

274 689 366 743 ipse
406 704 582 744 possum
623 689 789 730 testari.
858 689 1107 730 KETTNERI
1153 689 1367 731 industria
1406 689 1636 744 quominus
1676 704 1832 731 novam
1871 688 2022 730 editio-

274 775 372 801 nem
411 761 638 815 perficeret
670 760 905 802 immatura
937 775 1053 802 mors
1085 761 1322 816 prohibuit.
1387 759 1574 815 Operam
1611 760 1726 802 haud
1766 760 1926 801 malam
1950 759 2019 800 his

275 831 434 886 glossis
466 832 644 873 navavit
676 831 1032 873 WOLFGANGIVS
1066 844 1128 873 DE
1164 831 1385 885 GOETHE,
1425 832 1546 873 cuius
1584 834 1786 886 excerpta
1817 847 1842 872 a
1871 831 2018 873 nescio

274 916 359 956 quo
404 902 522 944 facta
566 903 856 945 bibliothecae
901 902 1072 944 lenensi
1118 907 1219 944 sunt
1262 903 1425 944 tradita
1469 901 1539 959 (cf.
1579 902 1627 944 O.
1662 902 1850 957 MEYER,
1896 901 2022 944 Wolf

277 972 456 1028 Goethe,
501 974 564 1015 ed.
596 973 815 1015 Vimariae
862 989 897 1015 a.
934 974 1045 1016 1889
1086 990 1126 1029 p.
1163 975 1231 1017 65.
1258 972 1354 1031 96):
1402 989 1503 1016 sane
1546 974 1649 1015 libri
1694 973 1879 1016 Romani
1921 972 2017 1014 noti

276 1042 492 1086 GOETHIO
532 1045 707 1087 fuerunt
747 1059 907 1087 omnes.
975 1043 1103 1087 Anno
1142 1046 1315 1087 demum
1359 1046 1469 1088 1875
1507 1044 1670 1100 prodiit
1703 1044 2018 1086 DEVERLINGII

272 1116 405 1157 editio
439 1115 634 1158 adhibito
669 1119 880 1171 apparatu
914 1116 1050 1157 multo
1083 1117 1276 1171 pleniore
1311 1132 1440 1172 quam
1467 1119 1611 1172 antea,
1645 1116 1727 1158 etsi
1758 1131 1846 1157 non
1876 1116 2017 1171 pleno,

272 1202 296 1227 a
323 1201 408 1241 qua
434 1187 622 1229 editione
649 1187 834 1242 profecti
860 1189 1034 1241 praeter
1059 1188 1203 1242 ipsum
1228 1188 1597 1230 DEVERLINGIVM
1629 1187 1818 1242 plurima
1844 1186 2016 1243 egregie

270 1261 567 1300 'mactaverunt
600 1259 888 1300 FRANfflsovs
916 1258 1218 1314 BvEcHELER,
1246 1259 1493 1301 GvsTAvvs
1520 1259 1714 1313 LOEWE,
1742 1258 2024 1302 GVILELMVS,
2058 1255 2065 1260 ’

269 1328 508 1385 HERAEVS,
535 1330 625 1371 alii:
653 1344 835 1384 quarum
858 1330 1058 1383 opera-in
1079 1330 1219 1372 indice
1247 1330 1438 1386 generali
1460 1333 1658 1372 accurate
1679 1331 1862 1371 utemur.
1902 1327 2017 1370 Nam

269 1402 350 1441 etsi
389 1415 502 1442 nunc
540 1403 751 1456 apparatu
784 1400 890 1441 satis
924 1401 1067 1455 amplo
1102 1403 1144 1442 et
1177 1404 1348 1443 vetusto
1387 1401 1671 1443 instruximus
1710 1400 1898 1455 glossas,
1928 1414 2016 1441 non

268 1470 395 1512 desiit
434 1472 577 1513 valere
616 1472 722 1512 illud
762 1471 1038 1511 RITSCHELII
1078 1470 1123 1528 (l.
1156 1487 1187 1513 s.
1221 1487 1252 1513 s.
1284 1488 1324 1526 p.
1352 1471 1446 1529 59):
1486 1472 1587 1514 ‘Die
1627 1470 1908 1525 Hauptsache
1947 1470 2016 1511 fiir

268 1541 518 1598 Reinigung
549 1543 637 1584 und
668 1542 954 1597 Herstellung
981 1542 1054 1584 des
1087 1542 1244 1585 Textes
1277 1543 1384 1584 wird
1424 1544 1531 1585 eben
1563 1542 1879 1597 scharfsinnige
1913 1539 2016 1583 Cor-

268 1616 414 1654 rectur
447 1614 520 1655 des
552 1613 828 1656 Bearbeiters
860 1613 971 1654 thun
1003 1613 1210 1655 mfissen'.
1605 1623 1608 1626 '

686 1801 719 1835 Π
769 1799 1012 1835 EXCERPIA
1037 1800 1102 1835 EX
1126 1800 1270 1836 LIBRO
1298 1801 1588 1836 GLOSSARVM

383 1899 408 1949 ξ
437 1898 503 1939 11.
565 1896 775 1952 Magnum
806 1897 1011 1939 lexicon
1044 1899 1551 1954 encyclopaedicum,
1585 1899 1699 1953 quod
1730 1898 1846 1940 intra
1875 1910 2010 1939 3111103

267 1969 352 2010 690
374 1971 416 2009 et
439 1969 522 2010 750
551 1967 620 2026 (cf.
647 1968 821 2010 libellus
849 1984 970 2010 meus
1000 1969 1088 2011 ‘der
1116 1970 1226 2011 liber
1252 1969 1513 2025 glossarum'
1539 1985 1580 2024 p.
1603 1971 1654 2010 77
1685 1967 1846 2024 [287ss
1875 1968 2007 2010 homo

270 2039 424 2080 doctus
450 2040 493 2080 in
520 2038 776 2095 Hispanial)
811 2041 1055 2094 composuit
1083 2041 1280 2095 quodque
1304 2040 1526 2081 VSENERO
1555 2041 1659 2081 duce
1685 2054 1798 2081 nunc
1830 2038 2006 2079 ‘librum

265 2109 525 2164 glossarum'
569 2110 785 2165 appellare
831 2112 1131 2153 consuevimus
1176 2110 1247 2168 (cf.
1282 2111 1389 2153 Mus.
1424 2112 1558 2153 Rhen.
1601 2111 1682 2152 vol.
1715 2111 1772 2152 24
1813 2126 1853 2165 p.
1886 2107 2004 2166 382),

264 2183 436 2234 praeter
467 2184 670 2235 excerpta
702 2182 840 2222 multa
872 2197 922 2223 ex
954 2182 1180 2238 Isidoro,
1211 2182 1527 2238 Augustino,
1560 2181 1855 2235 Ambrosio,
1889 2180 2009 2222 Hie-

263 2265 495 2307 ronymo,
546 2251 802 2308 Gregorio
856 2253 1063 2308 Magno,
1111 2253 1391 2303 Eucherio,
1442 2252 1744 2308 Fulgentio,
1802 2251 2006 2307 Orosio,

262 2322 541 2377 Eutropio,
585 2323 746 2365 variis
788 2324 940 2365 libris
983 2325 1407 2379 medicinalibus,
1451 2323 1743 2378 Prisciano,
1787 2321 2004 2377 Physio-

262 2392 385 2447 logo
426 2393 500 2448 qui
531 2393 704 2448 dicitur,
745 2394 904 2436 Paulo
938 2396 1143 2448 abbate,
1176 2395 1271 2437 aliis
1305 2395 1445 2450 petita
1487 2392 1558 2451 (cf.
1587 2409 1695 2449 quae
1728 2394 1778 2434 de
1810 2392 2004 2434 fontibus

261 2463 287 2503 l.
316 2478 345 2504 s.
374 2478 404 2504 s.
432 2465 541 2518 1146
571 2464 694 2519 [256]
712 2480 803 2520 sqq.
831 2465 1067 2522 disputavi)
1096 2467 1226 2508 etiam
1253 2466 1459 2522 glossas
1485 2465 1600 2515 haud
1625 2479 1784 2519 paucas
1812 2463 2006 2505 continet

262 2548 371 2588 quae
404 2534 524 2575 nullo
558 2535 685 2576 modo
718 2536 890 2591 neglegi
923 2539 1169 2591 potuerunt.
1239 2535 1511 2590 Quamquam
1544 2550 1650 2590 quas
1684 2549 1735 2576 ex
1766 2533 2003 2590 Vergilio

259 2604 438 2646 haustas
472 2620 563 2646 esse
597 2606 766 2660 glossas
793 2607 1004 2660 plurimas
1030 2608 1183 2649 notula
1208 2607 1447 2662 praemissa
1472 2607 1646 2661 indicat,
1672 2620 1743 2646 eas
1777 2620 1852 2647 cur
1883 2619 2004 2647 accu-

259 2676 397 2717 ratius
431 2691 559 2730 quam
592 2676 617 2716 l.
653 2691 683 2717 s.
718 2691 749 2717 s.
777 2692 815 2731 p.
849 2679 905 2719 56
940 2677 1064 2732 [266]
1099 2693 1191 2733 sqq.
1225 2667 1387 2720 factum
1421 2681 1487 2719 est
1520 2679 1757 2719 tractemus
1788 2691 1875 2718 non
1908 2690 2001 2718 esse

380 2818 412 2859 1)
440 2816 481 2849 In
514 2815 738 2860 Hispania
773 2815 918 2850 lexicon
952 2817 1143 2851 conditum
1170 2828 1249 2852 esse
1277 2817 1376 2861 quod
1402 2816 1482 2862 ipse
1509 2815 1693 2861 exyariis
1719 2815 1870 2850 indiciis
1897 2815 1999 2850 haud

259 2874 404 2908 levibus
432 2875 662 2909 conieceram
688 2875 711 2909 l.
740 2887 766 2910 3.
795 2887 821 2910 s.
849 2888 884 2920 p.
902 2880 944 2910 73
967 2876 1086 2922 [258j‚
1113 2888 1208 2910 novo
1235 2877 1455 2921 argumento
1481 2874 1777 2909 luculentissimo
1804 2875 1997 2909 confirma-

224 2942 234 2951 ·
258 2932 312 2966 vit
332 2934 571 2967 Mmmsmsvs:
594 2934 651 2968 cui
670 2946 753 2968 cum
777 2934 898 2969 locum
918 2934 1019 2968 illius
1038 2935 1147 2968 lexici
1161 2935 1372 2969 derivatum
1390 2945 1434 2969 cx
1453 2933 1622 2968 Isidori
1643 2924 1800 2968 liistoria
1818 2933 1996 2969 Gotorum

258 2992 564 3036 transmisissem,
602 3006 683 3027 eum
711 3006 753 3028 ex
781 2993 850 3028 tali
881 2994 1094 3028 recensione
1125 2993 1226 3027 illius
1253 2993 1340 3027 libri
1370 2993 1531 3038 petitum
1557 3004 1637 3027 esse
1663 2992 1869 3038 rescripsit,
1902 3003 1997 3037 quae

257 3051 464 3095 Pyrenaeos
500 3054 641 3085 111011tes
668 3064 871 3097 numquam
903 3053 1150 3098 superaverit:
1178 3053 1306 3096 itaque
1339 3052 1384 3086 de
1410 3051 1535 3097 patria
1560 3051 1670 3086 lexici
1697 3051 1863 3086 dubitari
1894 3050 1996 3086 nullo

258 3110 366 3145 modo
393 3122 511 3155 posse.
