2175 3428
299 151 383 194 180

296 260 529 304 Climacter
561 262 838 304 necamacula

295 332 572 375 Climacteria
596 336 750 375 nature
777 333 839 375 rei
865 333 1033 376 incerta
1056 349 1149 389 per-

353 404 474 459 fugia
505 404 575 446 uel
609 404 769 446 auxilia

295 476 432 518 Clinei
454 476 527 530 qui
554 476 604 517 de
631 476 745 518 lecto
771 491 858 517 non
885 477 1150 519 descendunt

352 547 458 589 dicti
486 547 780 602 appellatione
806 562 935 604 greca
956 548 1057 604 quia
1077 550 1149 591 cli-

350 634 431 661 nos
465 618 624 662 dicitur
655 620 794 661 lectus

293 690 485 733 Clinicus
517 691 771 746 paraliticus

257 778 272 802 5
293 761 450 804 Clinsit
484 763 728 805 (lecurtabit

291 832 490 889 Clipeum
540 835 685 890 imago
733 836 918 877 rotunda
968 836 1012 877 in
1063 851 1152 891 qua,

351 906 492 948 solum
524 907 663 961 kaput
694 906 891 963 pingitur

291 976 544 1020 Clisciscere
577 977 825 1034 disiungere

291 1048 536 1091 Clitumnus
586 1050 706 1092 lacus
758 1053 825 1091 est
875 1050 919 1091 in
976 1050 1148 1092 umbria

348 1122 484 1163 boues
535 1137 587 1163 ex
637 1136 687 1163 eo
739 1136 896 1177 aquam
947 1122 1147 1164 bibentes

350 1193 527 1235 maximi
558 1193 670 1234 fiunt

289 1264 535 1307 Clitumnus
568 1265 689 1307 lacus
722 1265 768 1306 111
792 1265 952 1306 finibus
985 1265 1146 1320 pollen-

348 1337 568 1378 tionorum
594 1336 722 1378 huius
750 1339 800 1378 ut
824 1336 965 1379 fertur
989 1352 1145 1393 aquam

348 1409 506 1450 bibunt
527 1407 760 1450 cuiuslibet
781 1408 940 1450 coloris
967 1409 1145 1464 grauide

349 1484 392 1522 et
425 1481 630 1522 candidos
662 1480 841 1535 pariunt

235 1569 268 1592 10
289 1551 444 1594 Cloace
477 1552 592 1594 fosse
625 1552 846 1605 balnearie

288 1622 442 1665 Clonia
487 1638 612 1679 grece
652 1624 766 1678 quod
810 1638 890 1665 nos
935 1624 1143 1666 ramalem

346 1695 430 1737 dici
468 1709 699 1750 possumus
743 1695 856 1736 hanc
899 1694 1017 1751 greci
1057 1696 1141 1750 pis-

346 1767 455 1808 simo
470 1764 503 1823 1)
534 1781 615 1808 nos
647 1766 788 1821 picem
821 1781 1029 1821 uocamus

286 1836 508 1880 Clostrum
535 1838 781 1880 clausuram
802 1838 904 1880 ostii
926 1854 1023 1880 cum
1050 1853 1142 1880 uer-

345 1909 528 1951 miculos
562 1924 662 1951 suos

287 1980 463 2022 Cluram
497 1981 624 2022 simia
657 1996 739 2035 que
773 1996 871 2023 cum
904 1981 1040 2023 cauda
1075 1984 1142 2023 est

286 2050 580 2094 Coarcutiatio
627 2053 945 2095 concameratio
989 2053 1033 2094 id
1075 2055 1142 2094 est

346 2122 594 2165 coniunctio
628 2139 804 2165 arcuum

234 2212 266 2237 15
287 2192 452 2236 Codrus
467 2194 768 2236 nobilissimus
783 2197 934 2249 pastor
948 2197 992 2236 et
1010 2198 1140 2249 poeta

344 2265 429 2307 fuit
914 2319 920 2325 ι

285 2336 450 2379 Codrus
483 2337 782 2379 nobilissimus
821 2340 970 2392 pastor
1009 2338 1138 2393 signi-

343 2409 497 2450 ficatur
529 2412 573 2450 et
604 2412 734 2463 poeta
766 2423 894 2463 quem
927 2409 1137 2464 uergilius

344 2481 486 2536 eleges
519 2481 669 2522 laudat

284 2551 473 2594 Coheres
507 2551 763 2594 coniunctus

283 2623 489 2666 Coetanei
523 2624 648 2665 unius
683 2623 813 2677 etatis

380 2767 414 2809 1>
447 2776 467 2799 0
494 2776 538 2799 επ
563 2775 654 2799 corr.
685 2765 697 2807 ll
729 2765 764 2808 2)
790 2761 851 2796 1101
877 2774 904 2797 s.
930 2773 997 2798 scr.
1023 2765 1035 2808 ΙΙ

755 150 1010 187 EXCERPTA
1036 152 1101 186 Ex
1125 151 1268 188 LIBRO
1296 152 1584 189 GLOSSARVM

1188 262 1431 305 Coetaneus
1463 264 1587 319 quasi
1621 279 1782 319 conpar
1814 264 1945 319 etatis

1188 332 1326 376 Coetu
1359 334 1521 376 circulo
1559 350 1646 377 non
1678 339 1895 398 conuentu
1936 336 2041 378 dicit
2061 349 2096 375 20

1247 406 1433 448 donatus
1455 407 1569 461 quod
1590 407 1708 463 greci
1727 411 1871 450 κασθο
1892 408 2041 450 dicunt

1188 475 1397 533 Cognabo
1430 477 1650 534 ignarium
1681 479 1793 521 unde
1825 478 1941 535 ignis
1974 494 2040 521 ex-

1247 550 1412 591 cutitur

1188 621 1430 663 Cohibilius
1464 621 1750 664 constabilitis

1187 690 1310 734 Colla
1348 706 1483 748 genus
1522 693 1736 749 pigmenti
1770 694 1884 748 quod
1923 694 2042 750 greci

1246 764 1410 806 ecidam
1443 765 1592 807 dicunt

1187 833 1363 877 Colafus
1397 836 1523 891 alapa
1554 834 1669 893 uel2)
1702 850 1874 892 pugnus

1186 907 1345 949 Colafis
1376 907 1536 964 pugnis
1569 908 1707 962 alapis
2062 922 2094 947 25

1186 976 1407 1020 Colatoria
1438 979 1674 1033 liquatoria

1185 1047 1388 1091 Colatum
1419 1050 1633 1104 liquidum

1186 1120 1388 1163 Colatum
1408 1122 1629 1163 -mundum
1660 1136 1818 1177 purum

1186 1191 1456 1249 Collegarius
1489 1208 1598 1235 unus
1632 1209 1683 1235 ex
1717 1193 1825 1248 ipsis

1186 1262 1340 1307 Colore
1375 1280 1506 1320 quare
1539 1265 1650 1306 unde
1683 1265 1819 1307 eciam
1854 1280 1964 1320 quur

1185 1334 1373 1378 Collibia
1394 1336 1596 1379 dicuntur
1616 1339 1722 1392 aput
1749 1336 1935 1379 hebreos
1957 1352 2039 1392 que

1243 1423 1321 1450 nos
1367 1408 1636 1464 appellamus
1680 1411 1926 1464 tragemata
1967 1409 2038 1451 uel

1242 1480 1348 1521 uilia
1374 1480 1632 1522 munuscula
1658 1480 1780 1521 uerbi
1806 1480 1951 1536 gratia
1971 1495 2039 1535 cy-

1243 1552 1351 1593 ceris
1401 1566 1669 1607 uuarumque
1720 1566 1947 1607 passarum
1995 1555 2038 1593 et

1241 1638 1372 1678 poma
1404 1624 1564 1665 diuersi
1596 1623 1766 1680 generis

1183 1693 1385 1736 Colifium
1430 1696 1545 1750 quod
1583 1696 1700 1751 greci
1746 1709 2037 1750 αρχρανυχων

1241 1766 1390 1808 dicunt

1182 1836 1394 1880 Colifama
1425 1838 1560 1881 boues
1594 1853 1702 1894 opus
1735 1838 1945 1881 facientes

1182 1908 1332 1951 Colina
1364 1910 1550 1965 coquina

1181 1978 1363 2023 Colinda
1395 1980 1705 2023 subcinericius
1737 1982 1862 2037 panis

1181 2049 1384 2094 Colirmis
1417 2067 1469 2094 ex
1501 2053 1700 2095 arborico
1731 2052 1834 2095 libri
1865 2052 1994 2095 factis

1180 2122 1325 2165 Colito
1365 2124 1456 2166 cole
1501 2124 1712 2180 uei-gilius
1756 2124 1932 2167 laudato
1973 2124 2034 2166 in—

1239 2195 1387 2250 gentia
1417 2210 1519 2237 rura
1551 2196 1754 2252 exiguum
1788 2196 1920 2238 colito

1179 2264 1307 2308 Colos
1341 2267 1459 2309 color
1491 2267 1747 2309 conciliatus

1178 2336 1333 2379 Coltax
1354 2339 1499 2380 clodos
1521 2354 1546 2380 a
1567 2354 1674 2381 coxa
1693 2339 1763 2381 uel
1784 2339 2030 2382 claudicans

1178 2407 1331 2451 Colum
1364 2412 1431 2451 est
1468 2409 1808 2452 instrumentum
1844 2411 2031 2454 laneficii
2050 2425 2086 2449 4ο

1235 2483 1279 2522 et
1323 2481 1487 2523 dictum
1532 2482 1674 2524 colum
1720 2482 1834 2538 quod
1884 2482 1943 2524 sit
1986 2483 2032 2524 in

1234 2552 1554 2608 longitudinem
1610 2557 1654 2596 et
1715 2554 2030 2596 rotunditatem

1237 2624 1360 2678 quasi
1394 2624 1595 2666 columna

2058 1280 2094 1305 30

2055 1996 2089 2021 35

378 2900 409 2930 2.
438 2894 654 2930 Climactria
685 2896 696 2939 ΙΙ
728 2898 759 2928 3.
788 2893 1012 2928 discendunt
1044 2895 1049 2936 1
1085 2892 1204 2927 cliuus
1236 2896 1247 2939 ΙΙ
1279 2898 1310 2930 6.
1338 2897 1452 2940 caput
1482 2897 1494 2941 ΙΙ
1526 2899 1558 2931 8.
1585 2896 1758 2931 bibentes
1785 2908 1830 2933 ex
1854 2897 2025 2933 uibentes

283 2966 372 2990 corr.
411 2957 423 2999 ΙΙ
461 2958 492 2989 9.
519 2954 655 2989 bibant
680 2966 723 2988 ex
748 2953 883 2987 uibant
908 2964 1000 2988 corr.
1037 2953 1049 2997 ΙΙ
1090 2956 1142 2987 11.
1171 2952 1252 2988 dice
1284 2955 1288 2998 Ι
1323 2954 1420 2989 hanc
1445 2966 1510 2990 om.
1536 2958 1540 2999 Ι
1574 2955 1730 3000 pissima
1766 2957 1778 3002 ΙΙ
1816 2960 1871 2992 12.
1897 2956 1990 2992 oscii
2014 2958 2026 3004 Η

284 3017 338 3048 14.
366 3013 623 3059 Coargutiatio
647 3017 651 3056 Ι
675 3024 801 3047 arcum
833 3014 845 3057 ΙΙ
877 3016 931 3047 15.
959 3012 1086 3057 partor
1111 3014 1122 3057 ΙΙ
1157 3016 1209 3047 16.
1235 3014 1364 3060 poeta]
1390 3016 1524 3060 postea
1548 3017 1560 3060 ΙΙ
1592 3019 1646 3051 20.
1673 3015 1789 3051 kaceo
1817 3017 1830 3060 ΙΙ
1861 3019 1916 3051 22.
1944 3015 2025 3051 001-

280 3071 395 3106 bilius
415 3075 426 3117 ΙΙ
452 3076 506 3108 30.
535 3072 664 3108 Colere
686 3075 691 3119 Ι
714 3072 829 3107 etiam
849 3074 859 3118 ΙΙ
885 3075 940 3107 31.
967 3071 1031 3106 fixi
1057 3071 1198 3116 cyceris
1218 3074 1229 3118 ΙΙ
1249 3077 1304 3107 33.
1332 3073 1511 3109 Colifaria
1531 3075 1543 3120 ΙΙ
1562 3079 1616 3117 35.
1645 3074 1826 3111 Collirida
1844 3077 1856 3120 ΙΙ
1875 3079 1930 3111 36.
1957 3075 2025 3111 00-

280 3131 387 3166 lirnis
411 3134 414 3176 1
439 3132 569 3167 arbore
591 3131 722 3166 colibri
742 3134 753 3177 ΙΙ
773 3134 828 3166 39.
857 3131 985 3165 clodus
1007 3142 1123 3166 acoxa
1143 3133 1154 3176 ΙΙ
1175 3134 1229 3166 40.
1251 3131 1487 3179 longitudine
1511 3136 1514 3178 Ι
1536 3134 1769 3169 rotunditate
1792 3135 1797 3179 l
1819 3134 1902 3171 isid.
1923 3136 1999 3172 cod.
2013 3136 2026 3183 Η
