2216 3402
264 136 348 178 126
777 123 1032 175 'PLACIDVS
1059 139 1244 176 comcis
1270 124 1481 176 PAaismi

256 247 458 291 ssOffucas
473 283 481 291 .
496 249 624 291 offers
639 281 648 290 .
664 249 733 290 uel
755 249 799 290 in
819 248 1016 292 fraudem
1041 250 1116 295 das
1158 250 1303 306 Opaca
1323 285 1330 292 .
1353 255 1518 310 secreta

216 368 218 371 v
253 318 436 363 ssOfficio
489 320 679 376 migraui
711 354 719 362 .
753 321 807 363 ab
860 320 1004 373 officio
1055 337 1116 363 re-
1157 322 1362 378 Oppanso
1384 355 1393 365 .
1415 323 1588 366 obiecto
1619 326 1799 366 extenso

313 393 422 434 cessi
436 392 467 446 1>
968 434 970 436 ,
1154 394 1394 449 Opperiens
1416 429 1423 436 .
1446 397 1678 450 expectans
2035 410 2069 436 25

253 462 457 521 Olenee2)
491 497 500 506 .
535 462 768 521 Oleneus3)
802 499 809 506 .
845 465 898 507 ad
944 480 1072 521 quem
1106 501 1113 507 .
1154 465 1246 521 Ope
1268 500 1276 508 .
1298 467 1460 508 auxilio

311 538 392 591 ufg
407 568 415 576 .
429 534 629 590 loquitur
651 551 730 592 pro
751 536 933 579 homnia
953 546 1113 593 genera
1153 537 1488 593 Operepretium
1509 572 1517 580 .
1539 539 1619 581 due
1659 554 1727 581 res
1765 554 1850 582 uno
1883 555 2012 595 opere

308 607 484 663 frugum
1054 607 1056 610 ’
1211 613 1509 652 consummate

251 678 460 734 Oleagina
482 715 489 721 .
511 679 633 721 radix
667 680 781 722 ollue
803 713 813 722 .
841 681 923 737 ussg
951 716 958 724 .
979 683 1110 724 tradi-
1151 681 1346 737 Operosa
1367 716 1374 724 .
1397 682 1593 739 ingentia
1627 683 1867 725 certamina

308 754 403 793 ture
419 784 428 792 .
445 750 559 793 sicut
585 750 707 794 radix
735 753 935 809 oleagina
961 754 1080 810 ligno
1149 754 1387 809 Operiebar
1409 789 1415 796 .
1437 756 1699 810 expectabar

210 837 224 861 5
248 822 473 879 Olimpum
493 856 502 866 .
523 839 638 866 nunc
665 824 958 868 celum.nunc
991 841 1109 868 mon-
1148 824 1253 880 Opis
1298 829 1374 868 fise
1407 859 1416 869 .
1449 826 1673 869 facultatis
1717 828 1793 869 n—se
1827 860 1835 869 .
1869 827 1968 883 sin—g
2000 841 2064 869 ,30

305 898 395 937 tem
424 928 433 937 .
461 895 649 951 olimpus
687 898 834 938 tamen
877 912 1001 939 mons
1043 902 1108 940 est
1207 899 1337 940 nu—me

306 968 498 1010 excelsus
520 967 565 1009 in
584 968 812 1023 prouincia
831 969 1108 1011 macedonia.
1150 969 1352 1024 Opimam
1379 1002 1389 1012 .
1418 969 1670 1025 opulentam
1697 1003 1706 1011 .
1734 970 1916 1026 pinguia
1952 970 2010 1012 fe-

307 1040 381 1081 ubi
416 1039 562 1082 nullus
598 1074 604 1082 .
641 1055 713 1082 aer
747 1074 754 1082 .
786 1055 926 1096 neque
959 1041 1110 1096 pluuia
1208 1041 1348 1084 cunda

304 1111 435 1153 uadet
1146 1113 1328 1169 Opimus
1350 1146 1361 1156 .
1380 1113 1556 1170 pinguis
1591 1113 1792 1169 copiosus

248 1183 500 1226 Oleastrum
522 1215 531 1225 .
553 1184 675 1239 gffiis
708 1185 939 1227 masculini
1147 1186 1366 1241 Oppidum
1387 1219 1396 1228 .
1416 1186 1593 1228 urbem.
1609 1186 1701 1228 siue
1722 1185 2007 1242 municipium

247 1256 334 1298 Olli
357 1290 365 1298 .
387 1259 462 1297 aut
489 1258 617 1298 tunc.
635 1258 710 1297 aut
736 1256 828 1298 illic
855 1256 1076 1312 significat
1147 1257 1344 1313 Oppinor
1364 1291 1373 1299 .
1395 1258 1553 1300 estimo
1576 1291 1584 1299 .
1605 1258 1691 1300 nisi
1721 1257 1852 1300 fallor

247 1327 445 1383 Olimpus
478 1361 486 1369 .
521 1342 647 1370 mons
698 1328 947 1370 macedonio
982 1362 991 1370 .
1025 1330 1105 1371 sub
1145 1328 1333 1385 Oppinio
1355 1363 1364 1372 .
1385 1329 1607 1372 estimatio
2027 1346 2060 1371 35

306 1415 390 1456 quo
418 1403 643 1442 manentes
666 1433 675 1442 .
695 1403 877 1442 uentum
897 1401 960 1443 .i.
975 1401 1105 1457 apiga
1146 1400 1343 1457 Oppinor
1364 1435 1371 1442 .
1395 1401 1593 1457 suspicor

304 1473 395 1514 eius
429 1472 676 1514 defensione
698 1506 706 1515 .
726 1487 815 1514 non
846 1473 1075 1528 patiuntur
1095 1507 1104 1516 .
1144 1472 1313 1528 Oppido
1336 1507 1345 1515 .
1364 1472 1488 1515 ualde
1520 1472 1698 1515 fortiter
1719 1505 1728 1514 .
1749 1473 1871 1528 uigls

304 1560 381 1587 nec
401 1548 566 1587 totum.
583 1543 912 1599 septemtrinem
932 1545 1103 1587 uident.
1145 1545 1328 1601 Opimus
1350 1578 1359 1588 .
1379 1545 1500 1586 diues

302 1617 393 1659 illic
419 1616 533 1659 enim
554 1650 561 1657 .
584 1616 671 1657 cito
698 1615 750 1656 fit
771 1615 876 1658 solis
902 1631 1102 1659 occasum
1144 1616 1301 1672 Opifex
1321 1649 1330 1659 .
1353 1631 1461 1672 opus
1494 1617 1655 1659 faciens

304 1689 467 1731 montis
501 1687 776 1730 altitudinem
1143 1689 1330 1745 Opmam
1350 1722 1359 1731 .
1380 1687 1562 1731 diuitem
1584 1723 1591 1730 .
1611 1688 1802 1730 fertilem
2018 1706 2055 1730 40

245 1761 348 1803 Olee
370 1795 379 1803 .
398 1760 520 1803 frena
553 1761 652 1815 equi
1143 1761 1383 1816 Opinantes
1423 1793 1433 1802 .
1472 1760 1737 1803 arbitrantes
1782 1793 1791 1802 .
1836 1760 2002 1803 intelle-

192 1845 222 1869 10
243 1831 358 1875 Olim
380 1832 644 1888 antiquitus
660 1865 669 1873 .
691 1832 921 1887 aliq-nando
943 1867 951 1874 .
974 1847 1104 1888 quan-
1203 1836 1355 1889 gentes

302 1906 440 1961 doque
473 1905 542 1946 uel
577 1907 705 1946 antea
912 1944 915 1946 ,
1145 1904 1300 1960 Opifex
1320 1937 1330 1947 .
1351 1904 1510 1947 diuites

244 1976 481 2019 Olocausta
501 2009 508 2018 .
531 1976 743 2019 sacrificia
1143 1976 1390 2032 Optimates
1411 2009 1420 2018 .
1440 1976 1639 2031 primarii
1671 1975 1756 2018 uiri

243 2048 431 2090 Olitores
454 2082 462 2090 .
483 2048 672 2090 ortulani
1142 2048 1375 2104 Opulentia
1396 2082 1404 2089 .
1425 2047 1691 2089 abundantia

244 2120 479 2162 Omentum
508 2152 518 2162 .
546 2133 705 2175 mappa
734 2151 743 2160 .
772 2122 929 2162 uentus
956 2153 966 2163 .
992 2120 1061 2162 uel
1092 2153 1100 2162 .
1142 2120 1396 2175 Oportunus
1417 2152 1428 2162 .
1447 2119 1716 2161 necessarius
2018 2136 2052 2162 45

302 2191 455 2248 aguria
487 2191 654 2233 maiora
1141 2192 1481 2247 Opobalsamum
1503 2188 1710 2233 ‚lacrima
1743 2190 1927 2233 balsami

243 2261 513 2319 Osslsmittit4)
553 2262 744 2318 ignoscit
773 2296 780 2304 .
808 2265 883 2303 aut
923 2265 1099 2317 preter.
1140 2263 1315 2319 Optime
1338 2296 1347 2306 .
1368 2263 1491 2306 unice
1523 2263 1718 2318 preclare
1834 2318 1840 2325 ⁵
1963 2317 1966 2320 Ι

301 2335 441 2377 mittit
463 2369 470 2376 .
490 2335 560 2376 uel
591 2334 814 2390 redarguit
1137 2335 1302 2391 *Opter
1328 2368 1338 2378 .
1364 2335 1469 2378 nicil
1511 2337 1579 2377 est
1606 2368 1615 2377 .
1641 2350 1695 2377 ne
1740 2336 1997 2379 mendosum

189 2420 221 2444 113
244 2406 382 2449 Omen
404 2441 411 2449 .
432 2406 632 2463 agurium
1198 2407 1256 2450 sit
1282 2441 1291 2450 .
1319 2410 1362 2450 et
1401 2408 1459 2450 sit
1479 2440 1489 2449 .
1510 2410 1586 2449 aut
1625 2409 1806 2462 propter
1845 2422 1998 2463 prepo-

241 2478 447 2521 Omerum
468 2511 477 2521 .
498 2477 727 2520 maiestate
1198 2480 1300 2521 sitio
1322 2512 1331 2521 .
1352 2482 1427 2521 aut
1459 2479 1602 2521 obiter
1623 2513 1632 2521 .
1652 2479 1905 2521 adueruium

242 2550 372 2593 Omni
405 2565 532 2606 opere
553 2582 563 2592 .
585 2550 702 2592 omni
735 2550 900 2594 uirtute
1137 2550 1418 2606 ²³²Optundens
1446 2583 1455 2593 .
1483 2551 1696 2593 obtunsus
1724 2583 1734 2592 .
1760 2550 1866 2592 facit
1903 2565 1997 2606 pre-

216 2611 394 2665 ‘Omnis
427 2622 566 2665 modis
588 2655 597 2664 .
619 2622 795 2664 omnino
1197 2623 1319 2665 teriti
1406 2622 1616 2678 temporis
1660 2609 1678 2664 .”
1714 2622 1994 2677 participium

242 2687 400 2736 Omnes
435 2709 536 2736 aure
558 2727 566 2735 .
588 2708 736 2736 omnes
768 2694 889 2735 uenti
1196 2695 1286 2736 sinc
1308 2727 1317 2737 .
1338 2710 1367 2736 n
1386 2726 1396 2737 .
1417 2698 1460 2736 et
1492 2697 1560 2736 est
1599 2692 1851 2736 adueruium
1889 2692 1994 2735 acti-

187 2778 220 2802 20
243 2766 428 2808 Onomia
447 2799 457 2808 .
478 2765 656 2808 nomina
966 2785 968 2787 >
1194 2782 1298 2808 uum

242 2837 360 2879 Onus
381 2871 389 2880 .
412 2838 558 2879 asinus
580 2870 589 2879 .
610 2840 726 2880 recte
761 2837 928 2879 sarcine
1134 2836 1410 2893 *Optundere
1449 2839 1516 2878 est
1542 2869 1551 2878 .
1577 2835 1742 2891 aliquid
1781 2836 1827 2877 in
1862 2850 1993 2892 angu-
2013 2853 2048 2878 50

243 2908 409 2963 Opacat
430 2941 438 2951 .
459 2909 681 2951 inumbrat
703 2942 712 2951 .
733 2911 920 2964 opacant
934 2941 943 2950 .
960 2908 1097 2950 inum·
1196 2909 1303 2951 stias
1335 2908 1552 2951 includere
1574 2941 1583 2949 .
1605 2907 1674 2949 uel
1705 2908 1751 2948 in
1781 2907 1893 2963 pelle
1921 2907 1993 2950 ob-

300 2980 430 3021 brant
452 3015 458 3021 .
480 2983 523 3023 et
556 2980 666 3022 rami
698 2980 852 3022 matris
879 2982 1068 3035 opacant
1196 2983 1362 3023 struere
1384 3014 1392 3023 .
1413 2982 1513 3021 affl
1535 3012 1543 3020 .
1567 2979 1604 3021 si
1635 2979 1856 3021 hominem
1895 2993 1992 3034 pro-

339 3134 372 3178 1)
400 3144 439 3167 ce
467 3145 510 3167 {nr
537 3133 590 3167 sie
616 3137 656 3169 ut
682 3134 754 3170 vicl.
776 3135 787 3178 ΙΙ
807 3135 843 3178 2)
870 3144 911 3168 ee
938 3145 982 3169 θέε
1007 3135 1045 3168 te
1070 3145 1161 3170 corr.
1183 3135 1250 3179 113)
1276 3144 1320 3168 us
1340 3136 1469 3178 postea
1488 3132 1573 3168 add.
1594 3144 1638 3167 m.
1655 3136 1675 3167 1
1699 3134 1710 3178 ΙΙ
1730 3132 1765 3177 4)
1792 3143 1830 3166 m
1855 3143 1962 3168 erasa

2197 3119 2216 3402 ψοφῇ
2205 3094 2211 3107 „-
