2216 3402
262 130 347 165 XVI
998 128 1270 164 PRAEFATIO

265 240 440 281 cideae
474 240 644 295 glossae
677 239 836 291 insunt,
870 238 1030 291 partim
1063 252 1114 279 ex
1147 237 1352 279 Isidoro
1384 237 1566 279 haustae
1599 252 1706 293 quas
1740 239 1883 293 missto,
1913 254 2008 294 par-

268 311 347 351 tim
381 326 430 352 ex
464 310 549 351 alio
582 310 701 351 fonte
735 323 869 362 eoque
901 303 1234 363 haudquaquam
1268 309 1401 361 malo,
1439 309 1489 350 de
1524 310 1680 363 quibus
1713 324 1827 351 nune
1857 310 2007 364 paucis

265 382 479 436 agendum
513 382 606 423 erit.
668 380 863 421 Primum
895 379 1012 434 ipsas
1045 379 1214 435 glossas
1247 380 1516 422 Placideas
1550 381 1802 422 exscribam.

388 455 422 493 1.
466 453 712 505 Auspicium
755 454 810 492 est
846 451 1020 492 inicium
1059 452 1237 494 alieuius
1273 453 1335 493 rei
1370 452 1442 504 qui
1470 452 1661 505 primum
1697 453 1867 493 summit
1896 466 2010 494 exor-

265 525 383 565 dium
421 525 467 565 ‘id
503 527 559 565 est
590 523 799 564 ineleoauit
835 525 872 563 et
907 525 966 564 est
1001 523 1232 577 auspicium
1262 524 1370 576 quod
1399 522 1516 563 habet
1547 523 1612 564 uel
1642 514 1851 583 animalia
1874 537 2008 577 paya-

264 595 341 635 nis.
378 619 427 623 —
464 596 502 635 2.
534 595 687 635 Ausim
717 593 887 635 uerbum
918 597 975 635 est
1003 595 1250 647 promissiui
1280 595 1391 635 modi
1426 597 1473 634 ut
1501 595 1539 635 si
1569 594 1683 635 dieas
1715 595 1851 636 ausim
1883 594 2011 636 dicere

263 666 400 706 ausim
426 665 595 706 recitare
619 665 735 706 euius
760 665 876 706 cuius
901 668 958 706 est
968 666 1113 718 prima
1138 665 1252 706 uerbi
1272 679 1450 718 persona
1475 666 1603 706 audeo
1627 668 1666 706 et
1689 665 1916 707 declinatur
1935 679 2008 706 au-

262 737 341 778 sim
367 737 480 777 ausis
504 736 615 777 ausit
639 736 704 776 uel
728 723 870 778 audit.⁴
892 761 945 764 ——
979 737 1016 777 3.
1045 736 1301 778 Altrinseeus
1325 736 1420 777 hine
1444 739 1481 777 et
1505 736 1598 777 inde
1622 737 1686 778 uel
1711 738 1880 790 desuper
1904 737 2010 778 sicut

263 808 512 848 extrinsecus
554 807 729 848 dicimus
772 807 822 848 ab
866 820 908 848 eo
949 808 1058 859 quod
1098 809 1214 849 extra
1251 810 1310 848 est
1348 810 1424 848 aut
1463 807 1706 849 intrinsecus
1743 808 1794 849 ab
1830 821 1873 849 eo
1903 808 2013 860 quod

263 879 387 919 intus.
427 902 480 906 —
520 878 559 919 4.
592 878 779 919 Alternis
815 879 997 932 utrisque
1035 892 1084 919 esc
1120 879 1302 932 utrisque
1331 878 1490 920 uicibus
1527 879 1592 920 uel
1623 879 1717 920 ltine
1747 883 1785 921 et
1814 880 1919 921 inde.
1956 902 2005 908 —-

265 948 303 989 ἶ).
332 949 429 990 Ales
454 949 598 1001 aquila
622 950 693 990 sed
715 953 752 990 et
776 950 909 991 omnis
935 950 1029 990 auis
1046 953 1178 1002 potest
1203 950 1286 991 dici
1311 950 1405 991 ales.
1436 974 1485 979 —
1516 949 1553 990 6.
1577 950 1664 1003 Aye
1687 950 1929 992 aduerbium
1953 953 2012 991 est

266 1019 469 1061 hortantis
500 1021 556 1061 ad
577 1021 811 1073 proemium
842 1021 941 1062 dum
972 1023 1009 1061 et
1037 1021 1087 1073 fit
1113 1021 1434 1074 praeferendum
1470 1024 1551 1062 esto
1590 1035 1681 1074 erqo
1712 1021 1849 1074 filium
1879 1024 2011 1062 matre

262 1091 480 1143 particulis
519 1092 674 1133 sociata
713 1092 915 1145 agendum
955 1094 1012 1133 est
1049 1092 1215 1133 derebus
1253 1092 1488 1133 subleuatus
1527 1095 1564 1134 et
1599 1095 1744 1145 raptus
1781 1093 1901 1145 quasi
1931 1105 2010 1146 per

257 1163 433 1214 predam
470 1163 578 1203 unde
615 1166 651 1204 et
688 1163 867 1204 latrones
904 1165 1058 1204 actores
1095 1163 1298 1204 dicuntur.
1338 1188 1392 1191 —
1435 1163 1472 1204 7.
1510 1162 1730 1205 Blaterare
1761 1166 1945 1216 corrupte
1975 1166 2012 1204 et

260 1246 480 1286 perperam
511 1246 596 1274 rem
630 1234 739 1287 loqui
769 1237 815 1275 ut
851 1247 940 1276 non
966 1234 1098 1287 mayis
1133 1234 1223 1286 fari
1259 1247 1369 1276 secus
1406 1248 1531 1287 quam
1563 1235 1696 1276 ebrius
1727 1235 1902 1276 delirare
1933 1248 2011 1276 ere-

267 1305 401 1345 datur.
450 1328 499 1333 —
547 1304 584 1345 8.
630 1303 878 1358 Conspirare
919 1305 1095 1346 dicimus
1138 1305 1203 1346 uel
1246 1306 1303 1347 ad
1344 1305 1492 1347 bonum
1536 1306 1601 1347 uel
1643 1307 1700 1347 ad
1739 1306 1910 1347 malum.
1958 1330 2007 1334 ——

268 1375 305 1415 9.
341 1374 502 1416 Clauus
521 1375 727 1417 interdum
747 1378 914 1416 acilium
933 1376 1137 1417 interdum
1159 1376 1482 1429 yubernaeulum
1507 1377 1723 1430 siyiiificat.
1755 1401 1810 1406 —
1848 1376 1912 1418 10.
1945 1376 2010 1418 Ci-

268 1447 416 1495 nerieie
447 1459 539 1487 oues
569 1449 666 1487 sunt
689 1446 839 1488 cineris
863 1447 1034 1488 colorem
1058 1446 1258 1489 babentes.
1293 1471 1342 1477 —
1382 1449 1448 1489 11.
1482 1447 1778 1490 Comesationes
1810 1445 1921 1503 (sup.
1954 1461 2011 1489 sc.

268 1520 365 1559 sunt
390 1519 433 1557 eb
460 1518 563 1558 idest
586 1515 685 1573 del.)
718 1518 913 1559 conuiuia
944 1532 1048 1571 quae
1072 1519 1129 1560 ad
1151 1522 1362 1572 peceatum
1385 1522 1617 1572 prouocant
1639 1522 1676 1560 et
1700 1519 1915 1561 scribimus
1933 1532 2012 1572 per

266 1602 396 1629 unum
427 1602 469 1629 m
500 1591 537 1629 et
560 1601 637 1641 per
667 1601 797 1629 unum
827 1602 858 1630 s.
892 1613 946 1618 —
983 1589 1049 1631 12.
1085 1588 1255 1632 Coereiti
1291 1590 1394 1632 idest
1423 1585 1635 1632 uindicati'
1656 1591 1759 1632 idest
1788 1591 1834 1632 in
1865 1590 2012 1644 quibus

267 1661 420 1701 crimen
446 1660 634 1712 punitur.
669 1683 722 1688 —-
758 1659 825 1701 13.
860 1659 1046 1702 Coei-cere
1082 1650 1300 1702 uindicare
1319 1649 1542 1715 'siginificat
1576 1662 1672 1704 item
1710 1675 1885 1704 coercere
1914 1661 2012 1702 dici-

266 1744 358 1772 mus
389 1731 602 1772 circumire
633 1734 680 1772 ut
708 1731 916 1772 ciuitatem
950 1731 1064 1784 fossa
1094 1732 1160 1774 uel
1197 1746 1387 1785 campum
1426 1732 1570 1785 fluuiis
1610 1730 1738 1788 (corr.
1771 1747 1792 1774 e
1823 1729 2011 1788 fluuius).

271 1802 335 1843 14.
369 1801 583 1844 Considere
625 1805 682 1843 est
723 1802 770 1843 in
814 1816 944 1843 unum
988 1804 1131 1845 sedere.
1178 1807 1232 1832 ⁴—
1280 1803 1347 1845 15.
1384 1802 1576 1845 Consulto
1619 1818 1647 1844 a
1690 1803 1933 1845 consulendo
1976 1805 2015 1844 et

267 1874 508 1915 atraetando
540 1873 693 1914 dictum
725 1873 827 1914 idest
855 1875 965 1926 quod
992 1875 1051 1916 sic
1080 1875 1129 1927 fit
1158 1878 1204 1916 ut
1234 1874 1420 1916 consulat
1443 1878 1481 1916 et
1503 1888 1644 1916 nocere
1673 1888 1757 1916 non
1777 1874 1924 1928 possit.
1958 1898 2007 1902 —

272 1944 338 1985 16.
377 1943 597 1986 Delibutus
635 1947 781 1986 unctus
819 1948 959 1986 tactus.
1008 1970 1057 1974 —
1107 1946 1173 1986 17.
1212 1945 1400 1987 Dubium
1431 1946 1532 1999 quin
1568 1946 1672 1987 idest
1705 1945 1911 1998 numquid
1937 1946 2010 1987 du-

268 2015 392 2056 bium.
436 2040 491 2044 —
540 2016 606 2057 18.
638 2014 805 2057 Dididit
846 2017 1038 2069 dispersit
1079 2017 1317 2070 diuulyauit
1357 2020 1404 2058 ut
1445 2017 1564 2058 terris
1606 2016 1742 2058 didita
1781 2016 1912 2068 fama.
1954 2041 2009 2045 —

273 2086 337 2127 19.
370 2086 568 2128 Destrieti
598 2099 709 2128 enses
740 2088 951 2140 euayinati
982 2088 1084 2130 idest
1113 2089 1290 2142 euayina
1326 2088 1447 2129 ducti.
1483 2111 1532 2116 —
1569 2087 1636 2128 20.
1671 2086 1884 2129 Deditioni
1915 2088 2012 2129 dici-

272 2160 339 2198 tur
368 2158 531 2210 quando
571 2171 612 2199 se
649 2158 749 2199 uicti
786 2161 860 2199 aut
895 2159 1087 2200 uincendi
1117 2158 1246 2200 hostes
1282 2158 1502 2200 uictoribus
1535 2159 1705 2199 tradunt
1734 2159 1873 2200 dedere
1903 2159 2013 2200 enim

268 2242 295 2269 a
326 2229 526 2270 deditione
563 2229 715 2270 dictum
751 2232 819 2270 est.
849 2253 908 2258 ——
940 2230 1009 2270 21.
1041 2229 1338 2282 Desipiscentes
1369 2227 1442 2284 (ex
1480 2228 1720 2282 Despientes
1751 2227 1879 2286 corr.)
1915 2233 2014 2272 sunt

271 2299 342 2351 qui
378 2299 516 2341 minus
555 2313 695 2352 sapere
731 2301 937 2353 incipiunt
971 2314 1097 2353 quam
1133 2300 1323 2342 solebant.
1357 2324 1411 2329 —-
1445 2300 1513 2341 22.
1545 2299 1744 2353 Defecare
1774 2304 1832 2342 est
1861 2301 2012 2343 decolo-

271 2384 367 2412 rare
393 2367 591 2426 (decolare
617 2371 751 2412 altero
778 2369 894 2428 loco)
921 2375 959 2412 et
983 2385 1047 2413 res
1071 2372 1271 2425 quasdam
1297 2372 1537 2413 commixtas
1562 2386 1590 2413 a
1618 2372 1770 2424 fecibus
1795 2385 2013 2426 seyreyare.

272 2465 327 2470 —
361 2442 429 2483 23.
461 2441 698 2483 Discrimen
729 2442 952 2495 aliquando
987 2444 1167 2485 duarum
1203 2456 1340 2485 rerum
1380 2443 1678 2496 separationem
1709 2442 1881 2484 ostendit
1909 2455 2014 2495 quae

273 2513 484 2564 coniuncte
521 2526 602 2554 esse
630 2515 807 2566 possunt
836 2517 881 2554 ut
917 2514 964 2555 in
1002 2515 1252 2556 ornamentis
1282 2514 1503 2556 mulierum
1527 2513 1752 2566 aliquando
1783 2526 1879 2554 uero
1901 2513 2012 2567 peri,-

272 2583 409 2624 eulum
440 2583 552 2624 uitae
582 2586 619 2624 et
649 2584 805 2636 capitis.
839 2607 894 2612 —
927 2585 996 2625 24.
1028 2585 1170 2626 Enixa
1201 2585 1306 2626 duas
1335 2598 1399 2626 res
1432 2584 1640 2638 siqniftcat
1668 2586 1706 2625 et
1735 2586 1882 2625 conata
1915 2584 2014 2625 idest

274 2657 467 2708 temptata
505 2654 561 2695 ad
597 2655 854 2706 efficiendum
893 2655 1054 2708 aliquid
1089 2659 1127 2696 et
1161 2669 1236 2708 que
1266 2659 1397 2709 partu
1434 2656 1560 2697 libera
1596 2657 1664 2696 est.
1696 2655 1776 2695 niti
1809 2655 1917 2696 enim
1947 2655 2014 2696 uel

272 2726 371 2767 eniti
402 2726 544 2766 conari
574 2725 639 2766 uel
670 2725 825 2778 efficere
855 2728 920 2766 est.
954 2750 1009 2754 —
1043 2726 1111 2767 25.
1138 2726 1344 2768 Facessite
1370 2726 1718 2780 frequentatiuum
1747 2725 1882 2777 facite.
1913 2713 2011 2767 diei-

273 2810 365 2838 mus
403 2800 439 2837 et
476 2796 661 2848 facessite
696 2796 872 2837 recedite.
915 2820 962 2825 —
1000 2798 1068 2838 26.
1101 2796 1285 2850 Insiynit
1321 2797 1481 2850 insiyne
1514 2797 1618 2848 facit
1647 2796 1712 2838 uel
1742 2796 1906 2849 siynum
1936 2796 2012 2837 im-

272 2868 391 2919 ponit
422 2867 671 2908 translatum
702 2867 753 2908 ab
783 2867 1036 2909 animalibus
1067 2882 1171 2920 quae
1201 2871 1299 2909 nota
1330 2869 1558 2922 signantur.
1592 2892 1646 2897 —
1679 2868 1748 2909 27.
1780 2866 1837 2909 In
1859 2880 2012 2921 propa-

278 2938 361 2978 tulo
406 2941 464 2979 cst
506 2939 551 2978 in
594 2942 733 2991 aperto
768 2938 921 2992 patula
965 2939 1073 2979 enim
1110 2942 1148 2979 et
1176 2939 1402 2991 propatula
1438 2939 1631 2981 dicuntur
1669 2938 1756 2980 loca
1791 2938 1948 2990 diffusa
1976 2941 2014 2980 et

275 3007 463 3049 dilatata.
501 3032 557 3036 —
596 3008 663 3049 28.
703 3008 869 3050 Nudius
908 3009 1050 3050 tertius
1085 3022 1178 3050 cum
1216 3010 1231 3050 i
1267 3010 1440 3052 dicimus
1476 3013 1513 3051 et
1550 3013 1607 3051 est
1644 3009 1886 3051 aduerbium
1916 3012 2013 3050 tem-

269 3078 398 3131 poris.
432 3102 484 3106 —-
520 3078 589 3119 29.
621 3079 830 3121 Neuter-ici
861 3079 957 3121 libri
987 3081 1089 3122 idest
1123 3080 1223 3121 noui
1252 3081 1318 3122 uel
1348 3084 1529 3123 recentes.
1561 3105 1615 3109 —
1648 3080 1717 3122 30.
1749 3079 1927 3122 Nauiter
1957 3081 2015 3121 est
