2216 3402
984 127 1256 164 PRAEFATIO
1948 131 1996 164 IX

256 239 400 280 alendo
437 239 556 280 dicta.
616 251 716 278 iiam
753 238 778 290 c}
815 238 891 279 alit
927 240 965 279 et
999 239 1023 291 ᾗ
1061 239 1190 280 alitur
1230 239 1403 280 alumna
1434 238 1515 279 clici
1539 240 1670 291 potest
1703 238 1752 279 ·i·
1784 240 1929 280 nutrix
1960 243 1997 281 cb

254 323 357 362 quae
392 310 577 351 nutritur
614 311 651 350 et
685 309 817 350 mitrii
851 309 921 350 sed
956 309 1102 350 melius
1141 310 1184 351 tii
1221 310 1246 363 c}
1283 310 1485 364 nutritur,
1525 309 1654 350 Aban·
1685 312 1722 350 et
1751 309 1843 351 bene
1875 314 1932 351 est
1962 314 1998 352 eb

255 381 362 422 male
399 381 477 434 uti,
516 381 705 422 Abnuere
741 383 798 422 est
833 383 904 434 ete,
943 381 987 421 iii
1024 382 1105 433 fine
1136 381 1347 422 Elementi
1388 380 1430 423 V.
1502 380 1658 422 Vernus
1694 381 1885 423 subdolus
1916 394 1994 423 ser-

256 451 354 493 uilis
399 450 522 507 (haec
567 465 650 493 vox
694 451 853 493 lineola
897 451 1039 492 deleta
1077 449 1161 505 est)
1201 455 1237 493 et
1274 452 1410 493 malus
1448 452 1623 494 seruilis.
1694 451 1805 493 Vnde
1847 466 1998 494 uernae

255 523 449 564 dicuntur
485 523 596 564 serui
631 523 703 575 qui
738 523 849 564 domi
888 525 1124 564 nascamur.
1195 523 1384 564 Vernalis
1415 537 1443 565 a
1473 537 1598 565 uerno
1632 527 1804 576 tempore
1835 523 1996 565 dicitur.

255 594 390 636 Finis,
453 592 513 636 cf.
547 593 835 641 ΚΙΕΤΤΝΕΙηω1
867 593 894 634 l.
922 608 952 634 s.
980 609 1011 635 s.
1044 609 1083 648 p.
1115 593 1205 635 165.

371 690 396 740 ἓ
428 688 465 730 4.
529 688 647 730 Inter
686 688 852 730 codices
890 687 1176 730 Vaticanos
1221 688 1486 743 singularem
1528 690 1671 731 locum
1709 692 1829 731 tenet
1872 690 1996 745 1889,

254 759 412 814 quippe
460 759 534 814 qui
578 762 804 815 tantopere
850 775 947 801 cum
986 759 1242 802 Vaticano
1287 760 1401 802 1552
1441 763 1669 816 congruat,
1708 763 1758 802 ut
1795 761 1888 802 fieri
1927 761 1996 802 vix

252 830 394 884 possit
426 831 532 885 quin
564 846 614 872 ex
647 846 696 872 eo
724 831 989 886 descriptum
1015 845 1107 872 esse
1134 833 1347 885 putemus.
1388 830 1510 880 Quod
1538 846 1635 873 cum
1661 832 1749 872 iam
1776 831 1995 873 LOEWIVS

253 900 442 957 vidisset,
474 902 664 944 breviter
691 902 816 958 tetigi
843 902 933 944 Ind.
960 902 1046 944 Ien.
1075 902 1177 944 anni
1208 902 1320 944 1886
1347 918 1386 957 p.
1408 902 1518 957 VII,
1551 905 1807 958 argumenta
1832 903 1997 958 protuli

251 972 341 1014 Ind.
362 972 450 1014 Ien.
471 988 506 1015 a.
531 974 640 1015 1891
664 989 703 1028 p.
725 975 873 1030 3sqq.;
911 977 1012 1015 sunt
1032 974 1155 1016 haec:
1191 972 1235 1030 1)
1257 989 1427 1015 summa
1447 976 1513 1015 est
1533 973 1758 1029 utriusque
1778 974 1880 1016 libri
1902 989 1998 1016 con-

253 1044 470 1099 gruentia3
512 1044 586 1085 ubi
620 1045 834 1099 differunt,
874 1045 1190 1099 corruptiorem
1222 1044 1408 1087 formam
1441 1045 1632 1087 ostendit
1669 1045 1794 1100 1889,
1827 1046 1901 1100 qui
1933 1046 1998 1087 in—

253 1129 381 1169 super
412 1115 590 1157 lacunas
628 1116 762 1157 habet
801 1131 851 1157 ex
890 1130 1033 1157 errore
1074 1115 1241 1157 librarii
1274 1116 1568 1170 explicandas,
1626 1114 1672 1172 2)
1704 1117 1749 1157 111
1781 1116 1996 1159 Vaticano

255 1186 367 1228 1889
395 1187 566 1241 saepius
594 1188 622 1228 d
646 1190 689 1228 et
715 1188 753 1230 ol
779 1187 982 1229 confusae
1011 1189 1130 1228 sunt:
1162 1187 1207 1228 in
1234 1187 1448 1230 Vaticano
1480 1187 1592 1230 1552
1620 1188 1834 1229 scribendi
1862 1203 1997 1243 genus

253 1258 340 1299 tale
374 1261 452 1312 est,
483 1261 533 1299 ut
566 1273 760 1300 errorum
794 1259 1006 1314 originem
1037 1258 1242 1300 facillime
1275 1259 1532 1314 perspicias,
1589 1257 1634 1315 3)
1667 1259 1741 1300 fol.
1777 1259 1883 1300 109u
1917 1258 1999 1300 Va-

252 1329 421 1371 ticanus
458 1329 570 1371 1552
603 1330 754 1371 habet:
805 1330 1009 1372 Facessite
1046 1333 1102 1372 est
1128 1330 1481 1384 frequentatiiium
1509 1331 1633 1384 facite
1663 1331 1837 1373 dicimus
1868 1335 1906 1372 et
1932 1332 1997 1383 fa-

251 1401 386 1443 cessite
416 1415 470 1452 re,
504 1401 602 1442 dein
634 1401 748 1443 infra
779 1416 951 1443 versum
984 1401 1250 1456 adscriptum
1284 1405 1350 1443 est
1382 1403 1580 1452 cedimus;
1614 1401 1853 1444 Vaticanus
1885 1402 1997 1444 1889

252 1473 430 1515 cedimus
463 1472 642 1514 omittit.
687 1472 824 1514 Porro
852 1473 897 1514 in
925 1472 1039 1515 1552
1067 1476 1150 1514 est:
1188 1473 1301 1515 Echo
1323 1488 1486 1528 yrecum
1512 1487 1658 1515 nomen
1690 1477 1747 1516 est
1776 1478 1834 1516 est
1864 1477 1998 1516 aute-m

251 1557 397 1598 ymayo
429 1544 541 1586 uocis
571 1558 675 1598 quae
705 1545 752 1586 in
782 1559 855 1587 con
880 1544 893 1598 ΙΙ
917 1545 1108 1586 comanis
1140 1545 1237 1586 locis
1261 1546 1451 1596 resulta&
1488 1545 1599 1587 1889
1627 1545 1671 1586 in
1698 1546 1848 1587 eodem
1873 1560 2000 1587 versu

251 1615 401 1657 habet:
448 1616 495 1657 m
531 1617 806 1658 conconcauis.
869 1615 1038 1657 Harum
1080 1618 1226 1657 autem
1266 1631 1411 1658 rerum
1450 1620 1494 1658 et
1532 1617 1740 1659 similium
1776 1619 1900 1658 tanta
1932 1620 1999 1658 est

252 1687 505 1742 multitudo,
548 1690 597 1729 ut
639 1702 728 1730 non
772 1688 1062 1730 dubitaverim
1106 1688 1343 1742 scripturas
1388 1688 1490 1730 libri
1537 1689 1649 1731 1889
1695 1703 1746 1730 ex
1788 1692 2000 1743 apparatu

252 1758 489 1800 excludere.

369 1841 438 1883 Ad
465 1843 642 1884 eandem
666 1842 878 1884 familiam
904 1843 996 1885 sine
1023 1843 1154 1885 dubio
1182 1843 1372 1885 codicem
1393 1841 1698 1885 Gorsianum
1725 1843 1996 1885 referendum

252 1928 345 1956 esse
387 1914 548 1955 multae
588 1914 794 1956 lectiones
835 1901 1009 1969 docent,
1046 1915 1165 1956 velut
1201 1914 1304 1956 hae:
1349 1930 1390 1969 p.
1419 1915 1456 1969 7,
1483 1915 1508 1956 3
1548 1915 1678 1956 Aiites
1709 1929 1788 1969 pro
1821 1915 1998 1971 Ancras,

251 2000 292 2040 p.
327 1985 399 2040 13,
442 1986 494 2027 19
540 2000 567 2027 a
610 1987 851 2028 consulendo
896 1990 933 2028 et
974 1987 1220 2028 metandum
1257 1990 1314 2028 est
1351 1984 1399 2042 (a
1435 1986 1676 2028 consulendo
1714 1990 1751 2027 et
1788 1987 2000 2028 tractando

249 2057 402 2099 dictum
434 2056 522 2112 est),
553 2073 592 2112 p.
621 2058 690 2112 20,
716 2058 770 2100 27
804 2058 1031 2111 expliciunt
1062 2072 1125 2100 .c.
1159 2058 1354 2111 explicuit
1384 2055 1637 2114 (explicuit),
1668 2072 1708 2111 p.
1737 2058 1804 2112 17,
1831 2058 1887 2099 26
1919 2057 2000 2099 De-

251 2129 401 2182 duptus
433 2127 713 2185 (Decluptus),
752 2144 792 2184 p.
824 2131 894 2180 18,
922 2130 974 2171 21
1010 2129 1131 2171 ualde
1172 2144 1253 2171 om.
1263 2162 1273 2182 ‚
1305 2130 1351 2184 p.
1378 2130 1447 2184 21,
1474 2129 1530 2170 36
1563 2128 1693 2171 Falla
1720 2129 1840 2181 facili
1874 2129 1999 2183 1552,

250 2235 380 2277 Falla
404 2235 524 2288 facili·
550 2236 640 2278 cod.
663 2235 910 2292 corsianus,
936 2236 1010 2278 ubi
1038 2202 1177 2279 Ὲᾶἕὲιι·
1203 2236 1294 2278 cod.
1314 2235 1492 2288 VRsm,
1524 2236 1653 2278 Falla
1679 2236 1807 2290 5216,
1838 2238 1887 2277 ut
1913 2235 1999 2277 alia

251 2296 438 2349 mittam.
492 2307 609 2357 Quae
638 2308 877 2350 similitudo
912 2310 1036 2349 tanta
1069 2310 1147 2363 est,
1179 2310 1228 2349 ut
1258 2308 1378 2349 nullo
1411 2307 1539 2349 modo
1574 2306 1856 2349 Corsianus
1889 2308 1999 2348 liber

252 2394 303 2420 ex
346 2379 662 2421 necessitudine
707 2380 810 2422 libri
858 2380 970 2422 1552
1017 2379 1126 2421 solvi
1170 2380 1324 2434 possit.
1394 2379 1667 2433 Quamquam
1710 2393 1798 2421 non
1843 2379 1999 2420 desunt

252 2465 360 2505 quae
394 2451 655 2506 discrepent,
703 2451 777 2493 sed
809 2451 914 2493 haec
946 2451 1009 2493 ita
1041 2454 1293 2506 comparata
1325 2454 1443 2503 sunt,
1483 2453 1531 2491 ut
1565 2450 1692 2492 modo
1727 2450 1998 2504 corruptelae

249 2522 378 2564 modo
423 2523 678 2564 emendandi
717 2523 860 2564 studio
899 2523 1147 2565 debeantur.
1213 2521 1494 2577 Corruptelae
1528 2521 1847 2577 assignabimus
1882 2521 2000 2562 velut

250 2608 290 2648 p.
320 2594 357 2649 7,
384 2595 440 2636 32
478 2594 685 2636 Aeruscus
721 2608 801 2649 pro
840 2594 1093 2649 Aeruscans,
1132 2610 1173 2649 p.
1200 2595 1247 2649 8,
1277 2595 1327 2635 11
1362 2593 1609 2646 inconflatiis
1640 2607 1718 2647 pro
1752 2593 1999 2646 incowsians,

250 2679 290 2718 p.
323 2665 391 2718 14,
419 2664 472 2706 31
519 2665 676 2705 uomeri
713 2678 791 2718 pro
830 2678 912 2706 non
951 2665 1044 2718 erit,
1089 2664 1184 2706 alia.
1254 2664 1621 2706 Emendationum
1660 2663 1856 2718 exempla
1893 2663 1999 2705 haec

251 2737 397 2777 sunto:
429 2751 470 2789 p.
497 2735 565 2790 21,
593 2737 646 2778 27
675 2736 1000 2789 exuspirandum
1031 2750 1110 2791 pro
1143 2736 1440 2789 eoeipitandum,
1472 2751 1511 2789 p.
1537 2736 1577 2789 4,
1611 2736 1664 2777 14
1696 2735 1882 2787 aliquam
1913 2748 2000 2775 rem

251 2821 330 2862 pro
363 2807 410 2848 de
440 2807 584 2859 aliqua
614 2821 657 2848 re
690 2805 772 2863 (ita
803 2806 935 2848 etiam
960 2807 1071 2848 liber
1097 2804 1375 2864 glossarum),
1407 2823 1447 2861 p.
1477 2807 1542 2857 13,
1573 2806 1627 2848 14
1654 2806 1778 2857 farra
1803 2820 1882 2859 pro
1907 2805 2001 2858 fata

253 2876 377 2934 (saxa
419 2892 571 2920 verum
616 2876 721 2934 est),
765 2877 849 2919 alia
893 2878 1051 2933 multa,
1096 2878 1252 2932 quibus
1296 2877 1612 2932 praefationem
1657 2890 1834 2918 onerare
1879 2877 2000 2918 nolo:

254 2949 375 2991 cuius
407 2949 589 2991 interest
620 2949 746 3004 plura
776 2964 916 3003 nosse,
949 2952 1099 3000 sumat
1127 2964 1178 2991 ex
1211 2952 1422 3004 apparatu
1454 2948 1782 2990 DEVERLINGII.
1824 2947 1888 2989 De
1916 2962 2001 3002 qua

253 3019 421 3062 ratione
447 3020 567 3061 nulla
593 3020 810 3063 dubitatio
837 3021 957 3062 nasci
983 3023 1148 3076 potest:
1175 3035 1276 3062 nam
1303 3020 1436 3061 etiam
1463 3034 1570 3074 quae
1597 3022 1714 3061 recte
1742 3019 2000 3060 exhibentur

255 3106 344 3134 non
374 3105 501 3148 posse
535 3107 586 3135 ex
618 3092 799 3147 antiqua
831 3091 1064 3134 traditione
1097 3091 1273 3135 fluxisse
1307 3106 1540 3134 consensus
1573 3090 1840 3147 reliquorum
1872 3088 2001 3132 libro-
