2221 3490
945 137 1158 173 GLOSSAE
1185 137 1221 172 N
1224 137 1326 173 ONII

258 246 510 290 Vellicatim
541 250 591 288 ut
623 247 850 289 salutatim

259 318 469 361 Victurus
502 318 736 362 uictoriam
768 319 991 375 potiturus

259 391 443 433 Viriscit
475 391 644 433 uiribus
678 392 855 448 augitur

259 463 478 505 Venerata
508 464 755 506 ueneranda

223 549 239 573 5
259 534 369 576 Vter
400 550 478 590 pro
511 537 636 577 utero

261 606 456 649 Vicatim
488 622 566 662 per
597 607 719 649 uicos

260 678 528 720 Vultuosum
561 678 734 721 tristem

263 749 597 792 Vermiculatim
631 752 849 792 munutim

261 821 478 864 Venalicii
509 822 751 864 uinditores

261 1037 373 1080 Item
406 1037 513 1079 alias

261 1108 471 1166 Abligare
512 1125 535 1151 a
574 1110 671 1153 loco
717 1111 880 1154 alinare
927 1112 1038 1154 uude
1082 1115 1125 1154 et

320 1182 457 1238 legati
489 1185 532 1224 ct
563 1182 726 1238 legatio
760 1183 876 1225 dicta

262 1254 484 1298 Arcanum
528 1258 744 1297 secretum
787 1257 1029 1311 repositum
1069 1257 1122 1298 ab

323 1342 424 1369 arca
456 1327 621 1370 dictum

262 1399 428 1441 Austra
460 1402 657 1441 rotarum
691 1399 824 1441 modii

226 1481 243 1507 5
266 1471 546 1513 Abherbator
579 1474 773 1514 tatorum
808 1472 1075 1514 atorotorale

264 1543 442 1585 Amusis
505 1543 660 1600 regula

323 1615 487 1658 dictum

726 1544 952 1586 fabrorum
1016 1544 1122 1586 semi

267 1689 465 1731 Auernus
512 1688 626 1744 quod
671 1688 764 1730 auis
810 1703 899 1730 non
942 1687 1057 1730 ferat
1102 1703 1126 1729 a

324 1775 454 1817 greco
489 1774 621 1802 ornea
648 1760 764 1802 enim
798 1760 891 1802 auis
922 1760 1126 1802 dicuntur

266 1833 403 1874 Antes
438 1832 699 1887 quadrature

268 1904 443 1961 Angina
476 1905 654 1946 morbus
690 1905 743 1946 ab
778 1905 946 1960 agendo

213 1975 491 2032 10A1·quatus
531 1977 710 2018 morbus
749 1976 895 2033 regius
936 1976 990 2018 ab
1026 1991 1127 2018 arcu

326 2047 468 2091 dictus
501 2048 616 2104 quod
648 2048 732 2090 uiri
765 2048 830 2090 dis
865 2048 999 2090 faciat

265 2120 552 2177 Aglomerare
585 2121 630 2162 in
663 2121 845 2176 globum
879 2121 1094 2176 collegere

268 2192 501 2235 Abundare
535 2193 704 2235 abunde
738 2193 839 2234 dare

265 2264 495 2320 Adpendix
511 2265 625 2320 quod
645 2264 720 2307 alii
737 2265 989 2321 adiungitur
1005 2265 1129 2320 quasi

327 2352 378 2378 ex
412 2337 497 2378 alio
530 2337 721 2392 pendens

267 2408 388 2451 Ador
433 2408 701 2450 frumentum
747 2409 800 2450 ab
846 2410 1008 2452 orando
1054 2425 1130 2452 uo-

282 2481 286 2485 ’
328 2483 475 2523 catum

216 2567 247 2592 15
267 2552 454 2595 Adterat
485 2552 634 2595 miseri

267 2624 500 2681 Abegerdo
534 2628 640 2681 toga

271 2697 382 2739 Arta
413 2711 645 2752 porcorum
680 2698 903 2739 stabulum

267 2768 482 2810 Afactura
513 2768 646 2811 facies

271 2840 591 2895 Abaspiciendo
627 2840 671 2896 (a
696 2856 727 2883 3.
754 2839 849 2898 scr.)
884 2843 1049 2897 species

215 2926 249 2951 20
272 2912 544 2968 Adfingendo
577 2913 719 2968 figura

173 2970 180 2977 ’
269 2984 362 3026 Aut
392 2987 544 3026 auerta
583 2987 659 3026 aut
693 3000 717 3026 a
749 2984 880 3040 primi
907 2986 1131 3042 ingressus

330 3055 512 3112 uistigia

272 3128 563 3171 Auidentibus
595 3129 813 3171 uendenta
846 3130 929 3172 dici

1926 138 2012 180 649

1158 247 1326 290 Vocare
1359 248 1531 289 trahere
2039 261 2072 285 10

1158 319 1455 362 Verecundari
1485 319 1791 361 uerecundiam
1825 322 1971 361 tenere

1157 391 1338 435 Versuti
1369 392 1600 446 loquarum
1633 394 1812 432 uersuta

1160 463 1428 506 Vncinatum
1461 463 1514 504 ab
1547 478 1659 505 unco
1694 478 1905 505 conexum

1158 535 1483 578 Vinditatiofim
1516 535 1861 577 ostentationum

1160 607 1289 648 Viere
1323 606 1495 648 uincere
2043 599 2083 644 15'

1160 677 1431 720 Vndulatum
1464 677 1695 719 dilatatum
1727 693 1884 733 purum

1162 821 1366 864 Zonatim
1398 821 1688 878 ingenuorum

1161 1038 1272 1081 Asse
1304 1039 1489 1081 nutricis
1520 1026 1612 1081 dic‘fi
1637 1039 1753 1094 quod
1785 1041 1938 1081 assunt
1962 1038 2024 1080 in-

1222 1110 1419 1153 fantibus

1164 1183 1348 1226 Accensi
1382 1183 1579 1238 depotati
1606 1184 1659 1225 ab
1688 1183 1890 1226 acciendo
1919 1182 2023 1225 dieti

1162 1257 1203 1298 A
1233 1256 1347 1298 libro
1382 1256 1659 1314 delibratum·
1679 1254 1994 1298 decorticatum
2045 1266 2079 1292 25

1163 1400 1336 1443 Bonam
1370 1403 1560 1442 aetatem
1594 1399 1931 1441 aduliscenciam

1164 1473 1357 1515 Bardum
1389 1471 1566 1528 ingenio
1599 1471 1773 1513 tardum

1163 1544 1305 1586 Blatis
1340 1544 1528 1586 blateras
1562 1544 1782 1586 incondite
1815 1543 2007 1598 loqueris

1166 1687 1507 1732 Concenturiare
1545 1688 1751 1745 colligere

1165 1758 1402 1816 Creperum
1460 1761 1642 1803 dubium
1699 1760 1811 1802 unde
1870 1759 2026 1815 crepiti
2046 1774 2080 1798 30

1227 1847 1350 1874 senes
2099 1823 2104 1828 ⁸

1167 1904 1404 1959 Creperum
1438 1905 1601 1946 bellum

1167 1975 1456 2019 Centuriatim
1491 1976 1666 2032 copiose

1168 2047 1497 2104 Concorporare
1519 2049 1764 2091 interficere
1786 2049 1941 2104 depere
1963 2048 2028 2090 fu-

1228 2121 1315 2163 rari
1348 2136 1373 2163 a
1407 2135 1537 2177 greco
1571 2121 1777 2163 decorum
1810 2122 1953 2177 clepse

1169 2193 1321 2236 Circus
1355 2193 1547 2235 ambitus
1582 2193 1791 2235 circuitus
1826 2209 1850 2234 a
1878 2207 1963 2248 quo
1985 2196 2028 2235 et

1229 2265 1416 2308 circulus
1450 2266 1591 2308 dictus

1170 2337 1365 2380 Cernuus
1400 2338 1475 2393 qui
1509 2341 1671 2380 terram
1705 2340 1852 2380 cernat
2049 2349 2084 2374 35

1170 2409 1316 2452 Caries
1352 2413 1548 2452 uetustas
1581 2410 1765 2465 putredo

1170 2481 1368 2538 Caprone
1402 2497 1549 2525 comae
1584 2482 1725 2537 capite
1758 2496 1893 2536 prone

1170 2553 1402 2597 Cerebrosi
1459 2555 1602 2596 insani
1658 2553 1854 2596 iracundi
1906 2552 2029 2607 quasi

1231 2627 1406 2669 cerebre
1440 2627 1548 2668 moti

1171 2697 1357 2740 Calende
1392 2714 1416 2740 a
1449 2712 1576 2754 greco
1610 2713 1635 2739 a
1668 2700 1774 2752 potu
1808 2696 1982 2738 calefiae

1171 2769 1334 2812 Consul
1367 2785 1392 2811 a
1425 2770 1688 2812 consulendo

1171 2842 1309 2884 Catax
1331 2856 1438 2884 coxo
1460 2842 1574 2896 quod
1590 2839 1715 2896 quasi
1736 2854 1890 2896 gressu
1905 2840 2032 2882 cadat

1172 2913 1412 2969 Conpernis
1444 2913 1590 2969 longis
1623 2913 1806 2968 pedibus

1172 2984 1509 3040 Conpedonessa
1535 2984 1801 3040 conpedibus
1827 2999 1930 3025 nam
1962 2998 2032 3038 pe-

1231 3058 1357 3099 dibus
1390 3057 1496 3099 dicti

1171 3129 1417 3186 Coagulum
1450 3144 1475 3170 a
1507 3128 1762 3186 collegendo

2050 2782 2086 2806 40
