2175 3428
616 130 872 166 EXCERPTA
898 130 964 165 EX
989 130 1132 166 LIBRO
1160 130 1450 166 GLOSSARVM

156 240 357 298 Fastigia
401 241 452 283 de
495 240 595 283 imis
639 239 858 283 scobrium
897 240 1014 283 dicta

215 312 279 355 ait
323 313 504 355 lucanus
549 313 601 355 ad
645 312 808 369 inrigui
854 312 1014 368 premit

215 384 395 441 fastigia
427 384 569 439 campi

155 456 189 498 F
194 456 418 499 astiscitur
451 456 639 498 soluitur
670 456 740 498 uel
772 455 990 510 rumpitur

156 527 301 570 Fastis
352 527 514 570 libellis
564 527 639 569 ubi
689 527 867 569 nomina
917 541 1013 568 con-

215 599 357 641 sulum
377 599 676 642 inscribuntur
695 599 877 641 lucanus
897 613 1013 640 noua

213 671 390 713 nomina
421 670 547 713 fastis

153 742 187 784 F
193 744 358 784 atessat
391 743 497 785 facit
528 743 598 784 uel
632 741 768 785 efficit

117 824 133 850 5
154 813 411 856 Fatescente
445 815 642 856 solucnte

153 885 348 927 Fatescit
380 885 636 928 dissoluitur
669 886 891 928 euanescit

152 956 186 998 F
191 959 391 999 atescunt
428 957 622 1000 feriendo
663 957 930 1013 dissipantur
963 972 1011 1000 ac

212 1028 468 1071 diuiduntur

152 1100 374 1144 Fatidicus
408 1101 744 1144 mathematicus
778 1102 949 1144 diuinus

152 1171 376 1215 Fatidicus
410 1172 502 1214 fata
535 1188 692 1215 canens
725 1173 962 1230 sortilegus

100 1255 133 1279 10
152 1244 340 1287 Fatidici
385 1244 477 1287 fata
522 1245 717 1287 canentis
761 1245 804 1288 id
844 1248 912 1289 est
950 1260 1012 1288 re-

213 1330 374 1371 sponsa
406 1316 550 1358 dantis

154 1387 352 1430 Fatiscat
384 1389 554 1444 aperiat
587 1390 662 1430 seb
695 1392 745 1431 ut
777 1389 900 1431 rimis
929 1404 1011 1445 que

211 1459 425 1502 fatiscunt
462 1459 665 1503 fatiscere
700 1463 767 1503 est
799 1461 915 1503 enim
952 1461 1012 1503 fa-

211 1531 430 1574 timiscere
462 1532 506 1574 id
536 1535 603 1575 est
634 1533 823 1575 multum
854 1533 992 1575 iniare

151 1603 184 1646 F
191 1603 340 1646 atiscit
372 1603 630 1646 dissoluitur
662 1604 874 1647 diuiditur

151 1675 277 1718 Faufi
310 1676 617 1732 aegyptiorum
649 1677 800 1733 lingua
827 1679 1011 1732 septem-

210 1748 288 1790 ber
319 1748 481 1790 mensis
515 1748 674 1791 dicitur
708 1747 829 1804 (Cic.)

152 1819 289 1862 Fauni
329 1819 530 1862 dicuntur
569 1820 745 1875 quidam
785 1820 1010 1863 siluestres

209 1891 408 1934 homines
455 1906 564 1947 quos
608 1892 810 1934 nonnulli
854 1892 1009 1935 faunos

210 1962 383 2006 ficarios
415 1967 577 2006 uocant

98 2046 131 2072 15
151 2035 287 2078 Fauni
308 2035 367 2078 dii
389 2035 475 2078 alia
489 2039 635 2078 suates
648 2034 681 2093 l)
703 2051 728 2078 a
747 2036 877 2078 fando
898 2036 1010 2078 unde

212 2110 256 2149 et
286 2107 456 2151 fatidici
489 2107 594 2151 dicti
628 2123 677 2151 eo
711 2108 827 2164 quod
861 2108 1011 2150 futura

211 2180 426 2222 canebant

151 2251 326 2294 Faunus
357 2252 485 2294 latini
516 2255 641 2308 pater
668 2267 693 2294 a
718 2267 803 2308 quo
829 2251 1009 2294 fanatici

210 2323 317 2366 dicti
350 2324 424 2379 qui
456 2324 605 2367 futura
635 2327 796 2367 canunt

150 2395 326 2437 Faunus
373 2394 511 2453 pati2)
557 2396 672 2438 filius
714 2394 842 2438 latini
884 2398 1010 2451 pater

210 2467 352 2509 dictus
390 2470 536 2510 autem
569 2484 594 2510 a
624 2468 754 2510 fando
793 2468 909 2523 quod
947 2482 1010 2509 re-

211 2553 372 2594 sponsa
401 2539 652 2582 hominibus
686 2540 810 2582 darat

1825 131 1908 172 199

1051 239 1228 282 Faunus
1261 240 1430 282 saturni
1460 254 1594 295 nepos
1627 239 1754 282 latini
1785 243 1911 296 pater

1112 327 1163 354 ex
1214 314 1393 354 saturno
1445 312 1594 367 pigtus
1646 314 1690 353 et
1738 327 1762 353 a
1812 311 1909 367 pico

1110 383 1268 425 faunus
1301 386 1345 425 et
1379 399 1404 425 a
1435 383 1566 425 fauno
1599 382 1762 424 latinus

1051 455 1224 498 Februa
1255 453 1423 512 plato3)
1457 455 1535 497 dea
1568 468 1839 511 paganorum

1051 527 1084 568 F
1089 528 1271 569 ebruare
1303 540 1490 582 purgare
1929 537 1964 562 20

1051 598 1339 640 Februarium
1372 612 1565 640 mensem
1593 612 1617 639 a
1649 596 1813 639 februis
1846 613 1909 639 sa-

1112 670 1196 712 cris
1240 669 1565 725 luperculorum
1611 668 1795 726 gentiles
1835 684 1909 724 ap-

1110 742 1385 797 pellauerunt

1049 813 1228 868 Fecinia
1260 827 1397 869 genus
1429 812 1535 854 uitis

1050 884 1286 926 Foedicula
1318 898 1454 940 genus
1487 886 1807 926 tormentorum

1049 956 1335 998 Femellarius
1368 955 1542 997 feminis
1576 955 1747 997 deditus
1779 971 1908 1010 quem

1111 1028 1280 1083 antiqui
1354 1027 1654 1070 mulierarium
1722 1028 1909 1083 appella-

1108 1100 1216 1141 bant

1050 1171 1207 1214 Fenice
1241 1171 1388 1214 obisso
1420 1186 1564 1226 panno
1597 1185 1723 1214 roseo
1931 1182 1964 1207 25

1051 1243 1199 1285 Fenile
1232 1243 1354 1285 locus
1388 1244 1464 1285 ubi
1497 1243 1645 1285 fenum
1676 1244 1857 1298 ponitur

1052 1314 1189 1357 Fenix
1222 1315 1316 1357 auis
1345 1315 1467 1369 regia
1493 1315 1605 1357 unde
1634 1314 1841 1356 fenicium
1867 1315 1910 1358 id

1111 1390 1177 1428 est
1210 1386 1441 1429 miniatum
1472 1402 1632 1428 nomen
1665 1387 1833 1441 accepit

1051 1457 1229 1516 Ferra4)
1255 1462 1426 1501 ueteres
1460 1458 1572 1501 ferre
1603 1458 1815 1501 uiuebant
1840 1460 1910 1501 uel

1110 1531 1277 1587 cymbri
1308 1530 1421 1573 unde
1455 1533 1499 1571 et
1530 1530 1706 1586 ferrago
1741 1530 1857 1574 dicta

1049 1603 1216 1646 Feralis
1257 1617 1487 1659 cupressus
1532 1602 1575 1644 id
1615 1604 1682 1644 est
1723 1603 1909 1645 mortuis

1109 1675 1278 1717 dicatus
1307 1688 1559 1729 cupressum
1587 1673 1702 1716 enim
1724 1675 1838 1729 quod
1865 1676 1911 1718 in

1110 1747 1286 1789 modum
1343 1745 1534 1788 hominis
1593 1749 1766 1788 exsecta
1820 1763 1909 1790 non

1109 1819 1296 1874 pollulat
1337 1818 1524 1859 mortuis
1559 1822 1810 1861 consecrata
1843 1822 1910 1862 est

1114 1888 1269 1948 (Vm-9.)

1048 1961 1244 2004 Ferascit
1276 1961 1417 2003 ferum
1449 1961 1556 2003 facit
1928 1974 1962 1998 30

1050 2033 1234 2076 Fercula
1264 2033 1467 2076 missoria

1049 2105 1283 2147 Ferculum
1314 2105 1542 2147 uasculum
1575 2107 1651 2147 aut
1683 2105 1849 2148 discum

1049 2176 1272 2219 Feretrius
1305 2176 1463 2219 fertilis

1048 2246 1322 2306 Feretrum5)
1356 2246 1466 2306 est5)
1505 2249 1581 2291 ubi
1612 2248 1742 2292 funus
1775 2250 1908 2292 defer-

1108 2324 1180 2363 tur
1213 2337 1237 2362 a
1268 2320 1446 2363 ferendo
1484 2323 1707 2363 mortuum
1743 2321 1908 2364 dictum

1048 2393 1148 2435 Feri
1190 2392 1271 2434 feri
1310 2393 1452 2435 tribus
1491 2393 1620 2435 rebus
1661 2393 1907 2435 ostenditur
1928 2404 1961 2430 35

1107 2465 1234 2507 uultu
1263 2479 1370 2507 uoce
1403 2467 1531 2521 gestu
1559 2463 1906 2520 quadrumpedes

1108 2536 1223 2579 enim
1257 2539 1359 2579 sunt

248 2646 282 2690 1)
306 2646 365 2680 tes
390 2657 435 2681 m.
451 2648 476 2681 2
503 2646 545 2680 in
571 2646 686 2681 litura
711 2646 723 2690 ΙΙ
754 2646 790 2690 2)
815 2645 833 2680 t
857 2656 902 2681 ex
927 2655 946 2679 c
972 2656 1017 2680 m.
1033 2648 1058 2680 :2
1085 2654 1177 2679 corr.
1203 2644 1215 2688 ΙΙ
1247 2646 1283 2687 3)
1310 2653 1332 2677 a
1357 2643 1399 2678 in
1423 2653 1448 2677 u
1473 2653 1565 2678 corr.
1592 2653 1637 2677 m.
1653 2646 1678 2678 3
1711 2643 1721 2686 ΙΙ
1754 2643 1789 2685 4)
1818 2653 1839 2675 a
1867 2643 1907 2676 m

152 2715 244 2740 corr.
269 2709 355 2741 m.2
388 2706 400 2750 ΙΙ
429 2707 464 2749 5)
490 2705 574 2741 add.
601 2707 686 2740 m.2
718 2705 729 2749 ΙΙ

248 2827 280 2859 1.
312 2796 501 2870 soob¹1gium
531 2835 575 2859 ex
607 2822 795 2858 scobrium
825 2835 917 2860 corr.
953 2826 957 2867 Ι
992 2822 1108 2858 fastia
1145 2825 1156 2867 ΙΙ
1194 2825 1225 2857 3.
1252 2820 1406 2856 libellus
1443 2823 1447 2865 Ι
1484 2819 1665 2867 angulum
1691 2831 1735 2855 m.
1753 2823 1785 2864 1,
1820 2830 1904 2854 con-

153 2882 276 2918 sulum
301 2886 383 2918 m.4
414 2885 425 2927 ΙΙ
463 2887 495 2918 8.
521 2882 787 2918 matematicus
818 2884 830 2929 ΙΙ
862 2887 894 2920 9.
922 2883 1117 2919 sortileeus
1143 2894 1188 2917 m.
1205 2885 1237 2925 1,
1265 2880 1466 2926 sortilegus
1492 2893 1536 2915 m
1554 2883 1575 2914 4
1608 2881 1620 2924 ΙΙ
1653 2884 1684 2914 8.
1707 2883 1738 2914 9.
1765 2880 1832 2914 hae
1856 2880 1903 2925 yl.

152 2943 280 2978 ordine
304 2943 447 2978 inverso
474 2943 570 2989 139.ss
600 2946 655 2978 11.
683 2953 746 2978 seu
773 2954 818 2978 ex
843 2943 907 2978 seb
934 2955 1026 2979 corr.
1047 2945 1058 2987 ΙΙ
1092 2945 1145 2977 14.
1173 2940 1329 2985 quidum
1351 2941 1355 2985 1
1379 2940 1492 2974 fauno
1513 2941 1524 2984 ΙΙ
1557 2943 1611 2974 15.
1640 2938 1734 2973 alias
1761 2939 1868 2974 uates
1895 2940 1905 2984 j*

154 3005 208 3036 18.
235 3012 353 3047 nepus
373 3003 385 3047 fl
406 3005 460 3037 19.
486 3001 593 3046 pluto
615 3002 621 3046 Ι
642 3001 727 3037 isid.
754 3003 831 3038 cod.
856 3004 868 3048 ΙΙ
893 3006 949 3040 20.
976 3002 1060 3037 isid.
1088 3002 1164 3037 cod.
1185 3002 1196 3045 {l
1222 3004 1277 3034 21.
1305 2999 1388 3034 isid.
1416 3000 1491 3034 eod.
1513 3001 1524 3043 Η
1550 3002 1605 3034 29.
1632 2997 1757 3033 Ferali
1779 3000 1783 3043 Ι
1806 3010 1905 3033 mor-

152 3062 238 3096 tuus
262 3066 265 3103 ]
289 3071 484 3106 cupressus
508 3063 511 3104 Ι
534 3061 698 3106 pullulat
724 3073 768 3097 eoe
791 3062 942 3108 pululat
967 3074 1057 3098 corr.
1082 3065 1086 3106 1
1118 3061 1286 3095 mortuus
1313 3070 1356 3094 επ
1382 3058 1538 3093 mortuis
1565 3070 1655 3094 corr.
1682 3059 1693 3104 ΙΙ
1725 3061 1783 3094 33.-
1808 3058 1902 3104 uirg.

153 3121 229 3156 cod.
260 3122 271 3166 Η
303 3124 358 3156 34.
386 3120 487 3156 dioto
516 3122 521 3166 Ι
548 3120 642 3168 uirg.
669 3122 744 3158 cod.
776 3122 787 3166 ΙΙ
818 3125 875 3159 35.
902 3120 1195 3167 quadrupedesss
