2175 3428
645 134 901 170 EXCERPTA
927 135 990 169 EX
1016 135 1160 171 LIBRO
1187 136 1480 171 GLOSSARVM

183 244 315 286 Testa
347 259 454 286 uasa
486 244 708 299 argillatia
735 243 860 300 que1)
893 245 1040 301 ignem

242 315 491 358 efficiuntur
523 318 640 358 tosta

182 387 382 430 Tetricus
415 388 723 443 superciliosus

181 459 455 501 Trimentum
485 460 802 502 nutrimentum

182 531 372 573 Textilia
401 532 600 587 plumata

147 616 163 641 5
182 603 425 645 Textilibus
458 603 502 645 id
535 606 601 645 est
634 604 860 658 speciebus

182 675 217 717 Τ
220 691 349 730 yaras
365 689 500 731 genus
514 675 748 730 palliorum
764 677 875 731 apud
890 691 1039 731 persas

181 746 436 790 Tibicofach
476 746 754 802 egyptiorum
792 747 939 803 lingue
974 748 1041 790 de-

243 820 416 862 cember
449 819 609 860 mensis
643 819 802 861 dicitur
835 817 914 876 (R)

182 891 390 947 Tigillum
422 891 592 933 trabem

182 963 392 1020 Tigillum
425 963 575 1018 tegula
607 963 682 1005 secl
719 963 870 1017 tegula
901 963 1040 1018 prime

240 1034 474 1091 positionis
512 1049 671 1077 nomen
704 1035 825 1077 cuius
859 1035 1042 1077 diminu-

242 1107 383 1149 tiuum
416 1107 610 1163 tigillum

130 1191 163 1216 10
182 1179 358 1222 Timbre
390 1179 512 1221 locus
545 1179 808 1234 propellium

182 1252 401 1307 Thymum
434 1251 514 1293 flos
548 1251 662 1306 quod
696 1251 872 1293 odorem
908 1251 1041 1293 refert

242 1323 444 1379 uirgilius
475 1323 673 1365 redolent
701 1323 939 1379 quidhymo
973 1321 1041 1380 (ex

242 1396 360 1438 libris
391 1393 512 1452 med.)

180 1467 398 1524 Thymum
419 1467 687 1522 appellatum
709 1468 822 1523 quod
846 1468 926 1510 flos
948 1468 1040 1510 eius

242 1541 420 1582 odorem
458 1539 593 1581 refert
628 1540 679 1581 de
713 1555 798 1595 quo
838 1540 1040 1596 Uirgilius

241 1611 440 1654 redolent
467 1627 551 1666 quo
579 1611 733 1667 thymo
763 1611 1040 1668 flagrantia&

242 1685 370 1727 melle
402 1682 471 1741 (ex
504 1685 619 1727 libris
650 1683 772 1741 med.)

181 1757 341 1814 Thysri
405 1756 592 1799 sirorum
654 1756 805 1813 lingua
861 1756 1042 1798 octuber

241 1829 403 1872 mensis
438 1828 597 1871 dieitur
630 1826 709 1885 (R)

182 1901 479 1944 Titillationes
522 1899 808 1943 incitamenta
849 1899 1043 1942 inflama-

240 1975 383 2016 tiones

129 2055 165 2087 15.
180 2046 397 2089 Titillatio
431 2044 657 2088 stimulum
690 2044 885 2086 luxoriae

180 2119 354 2162 Titillat
393 2118 640 2159 inflammat
680 2116 750 2158 uel
789 2117 841 2158 ad
882 2116 1042 2172 cupidi-

240 2194 379 2233 tatem
411 2189 609 2233 accendit

179 2264 348 2320 Togam
363 2262 695 2305 aduocationem
714 2261 942 2304 iuridicam
964 2261 1038 2304 ali-

241 2336 443 2392 quotiens
470 2335 521 2376 de
552 2334 730 2390 uirgilio
760 2348 947 2389 namque
975 2334 1037 2376 sic

241 2408 416 2463 quidam
437 2406 499 2449 ait
519 2409 670 2462 togam
690 2408 757 2448 est
778 2408 1037 2448 consecutus

1846 138 1932 178 249

1077 245 1201 302 Toga
1230 246 1376 301 puella
1406 249 1512 303 toga
1543 246 1671 303 nigra

1077 318 1200 375 Toga
1231 319 1424 374 palmata
1456 334 1563 373 quae
1602 319 1769 374 palmas
1802 319 1936 361 habet

1078 390 1200 446 Toga
1242 391 1375 446 gallia
1416 391 1597 446 pacifica
1639 406 1748 446 quae
1787 390 1933 433 italica
1957 407 1989 430 κο

1139 465 1322 504 uocatur

1079 534 1349 589 Togiferium
1405 535 1525 577 locus
1583 535 1658 577 ubi
1716 535 1935 578 scolastici

1138 605 1364 661 disputant

1078 677 1364 733 Togiperium
1395 680 1501 734 toga
1533 694 1642 733 pura

1078 748 1365 800 Tonditantes
1399 765 1499 806 sepe
1532 750 1763 792 tondentes

1078 820 1364 876 Tongillatim
1397 821 1657 878 singillatim

1078 892 1357 948 Tongellaria
1400 897 1439 943 R
1484 893 1681 935 malefica
1725 908 1776 936 eo
1823 895 1935 949 quod
1958 910 1990 934 εἴ)

1138 980 1270 1020 supra
1305 965 1476 1021 tegulas
1510 965 1724 1008 sacrificet

1078 1036 1235 1079 Tonsis
1257 1037 1382 1079 bellis
1399 1037 1638 1093 conpositis
1651 1037 1779 1079 bellis
1796 1037 1935 1094 (Isia.)

1045 1155 1048 1159 ⁴
1079 1109 1331 1152 Torcularia
1372 1110 1448 1152 ubi
1487 1110 1630 1152 oleum
1670 1112 1745 1151 aut
1786 1109 1935 1151 uinum

1139 1181 1398 1236 exprimitur

1078 1252 1261 1296 Torrida
1292 1251 1478 1310 ignit-213)

1079 1325 1273 1368 Torridis
1307 1330 1345 1376 Bc
1379 1327 1573 1369 extuosis

1078 1398 1229 1440 Torris
1262 1398 1391 1440 fustis
1426 1401 1550 1441 ustus
1584 1399 1629 1440 in
1661 1398 1759 1441 foco
1960 1418 1994 1441 30

1078 1470 1224 1513 Terris
1257 1470 1359 1512 titio
1391 1470 1508 1513 ustio

1079 1542 1255 1585 Torrita
1317 1543 1472 1584 adusta
1528 1542 1689 1585 siccata

1139 1617 1320 1657 exausta

1079 1687 1206 1730 Toris
1240 1687 1434 1729 stefadiis
1469 1702 1493 1729 a
1524 1687 1650 1730 lectis
1692 1687 1822 1729 tortis
1857 1702 1941 1743 qua

1138 1758 1287 1801 herbis
1321 1759 1422 1801 lecti
1456 1759 1629 1814 torique
1662 1759 1746 1802 dici
1781 1759 1939 1817 (γίνῃ.)

1079 1831 1266 1886 Torquis
1300 1831 1488 1874 circulus
1522 1846 1546 1873 a
1576 1832 1688 1874 collo
1721 1846 1859 1887 usque
1886 1833 1938 1874 ad

1139 1906 1291 1958 pectus
1324 1903 1569 1958 dependens

1079 1976 1238 2018 Tostas
1285 1975 1420 2017 siccas
1466 1975 1608 2017 aridas
1654 1976 1856 2032 uirgilius
1897 1979 1940 2019 et
1961 1992 1994 2018 35

1139 2047 1282 2089 medio
1328 2049 1444 2089 testa
1483 2050 1580 2102 estu
1624 2047 1796 2090 hereret
1842 2064 1941 2090 area

1139 2120 1288 2176 fruges

1079 2192 1287 2234 Tostrina
1314 2191 1491 2234 officina
1516 2192 1708 2235 tonsoris
1737 2193 1799 2235 sic
1825 2193 1941 2235 enim

1141 2264 1326 2307 dicimus
1359 2264 1599 2306 textrinum
1628 2280 1652 2306 a
1685 2265 1869 2307 texendo
1897 2269 1940 2307 et

1134 2335 1371 2392 pistrinum
1403 2337 1568 2392 apisior
1594 2351 1693 2379 eum
1723 2340 1767 2379 et
1794 2339 1938 2379 cetera

1135 2409 1244 2450 talia

1745 1543 1940 1585 ustulata

241 2479 332 2536 egit
365 2494 541 2522 causam
572 2493 659 2520 non
691 2477 878 2533 amplius
909 2493 1037 2534 quam
1075 2481 1160 2523 Tot
1181 2481 1233 2523 ad
1253 2496 1483 2523 numerum
1510 2481 1698 2524 refertur
1722 2481 1934 2524 terentius

242 2568 267 2594 U
272 2568 299 2593 n
303 2567 373 2593 am

1134 2556 1202 2595 tot
1233 2556 1413 2608 peccata
1445 2553 1490 2595 in
1521 2553 1603 2596 hac
1636 2568 1681 2596 re
1715 2553 1909 2596 ostendis

278 2671 312 2714 1)
345 2681 365 2704 e
391 2681 435 2705 ece
460 2667 498 2703 ia
529 2671 540 2713 Η
572 2671 608 2714 2)
639 2680 684 2704 ea:
708 2668 916 2714 fraglantia
942 2683 986 2706 m.
1006 2675 1021 2706 1
1055 2672 1067 2715 ΙΙ
1099 2672 1134 2716 3)
1166 2670 1206 2705 ni
1233 2683 1276 2706 ex
1302 2682 1352 2706 na
1378 2683 1422 2707 m.
1438 2674 1463 2707 2
1489 2673 1501 2716 Ι]

278 2780 310 2813 1.
337 2776 610 2823 argillaciaque
639 2774 645 2821 Ι
671 2776 759 2823 igne
785 2788 830 2812 ex
853 2777 980 2823 ignem
1005 2791 1095 2815 corr.
1122 2781 1134 2825 ΙΙ
1160 2783 1191 2815 2.
1220 2779 1328 2816 cicer.
1355 2780 1430 2816 cod.
1452 2781 1464 2825 ΙΙ
1489 2783 1521 2815 6.
1550 2781 1642 2825 aput
1661 2781 1672 2824 ΙΙ
1705 2784 1736 2815 7,
1765 2779 1939 2815 Tibicon-

180 2837 268 2872 sach
289 2839 294 2881 1
316 2836 449 2883 lingua
467 2839 479 2883 ΙΙ
502 2841 556 2873 10.
583 2837 762 2872 Thimbre
781 2840 792 2882 ΙΙ
813 2841 868 2874 11.
895 2850 967 2883 que
993 2839 1122 2885 thymo
1149 2852 1193 2875 ea:
1219 2839 1424 2884 quidhymo
1451 2851 1542 2875 corr.
1564 2842 1574 2885 ΙΙ
1597 2843 1651 2874 12.
1679 2850 1750 2884 que
1776 2840 1907 2884 thymo
1932 2840 1934 2847 ’

181 2896 295 2931 mella
321 2897 333 2942 ΙΙ
367 2900 419 2932 13,
447 2887 537 2932 οοῗὶ
555 2900 566 2944 fl
588 2902 643 2933 14.
670 2897 985 2934 inflammationes
1006 2902 1018 2945 ΙΙ
1038 2904 1092 2935 15.
1121 2899 1295 2935 stimulus
1322 2911 1366 2935 eae
1393 2899 1587 2934 stimulum
1613 2911 1703 2935 corr.
1725 2902 1737 2945 ΙΙ
1758 2903 1813 2935 18.
1834 2900 1940 2944 pulla

181 2969 226 2993 ex
256 2955 386 3002 puella
417 2968 509 2992 corr.
553 2959 565 3003 ss
608 2961 664 2993 26.
698 2957 809 2992 bellis
834 2970 880 2995 m.
896 2963 928 3004 1,
961 2959 1064 2994 uillis
1098 2972 1143 2995 m.
1163 2963 1185 2995 6
1212 2961 1266 2995 bis
1309 2962 1320 3003 ΙΙ
1364 2962 1419 2994 29.
1453 2958 1664 2993 exustuosis
1697 2970 1742 2994 ea:
1773 2958 1939 2994 extuosis

182 3028 274 3053 corr.
306 3018 318 3062 11
350 3020 406 3052 31.
433 3016 557 3052 Torris
584 3029 628 3053 ex
654 3017 776 3053 Terris
803 3029 894 3054 corr.
927 3020 939 3064 ΙΙ
970 3023 1026 3055 33.
1054 3030 1125 3064 que
1155 3021 1159 3064 Ι
1194 3018 1361 3063 terisque
1392 3021 1404 3064 u
1435 3022 1491 3054 34.
1520 3018 1685 3063 Torques
1712 3030 1757 3054 ex
1781 3018 1939 3064 Torquis

182 3087 273 3112 corr.
295 3078 307 3121 ΙΙ
332 3079 388 3112 35.
416 3076 561 3112 heteret
586 3079 598 3123 ΙΙ
623 3081 678 3113 36.
706 3077 883 3113 Tonstria
908 3091 952 3115 eac
978 3078 1127 3115 Tostria
1154 3090 1244 3115 corr.
1268 3080 1273 3125 1
1297 3078 1461 3125 apistore
1487 3090 1531 3114 ex
1557 3077 1786 3124 apistoreum
1812 3078 1902 3115 coi-«r.
1930 3121 1931 3125 Ἰ

183 3139 239 3171 37.
266 3135 338 3171 hac
363 3148 408 3173 ex
434 3148 478 3172 ac
504 3148 596 3174 corr.
619 3138 626 3183 1
647 3137 841 3173 hostendis
870 3140 882 3184 ΙΙ
