2216 3402
637 116 870 153 PLAOIDVS
896 119 1148 155 LIBRORVM
1174 119 1490 155 ROMANORVM

189 226 341 282 Equus
380 227 426 268 in
464 227 602 269 tutela
646 227 829 282 neptuni
867 227 912 269 in
948 243 1046 269 uen-

250 297 429 340 toriosci
463 302 539 341 est.

189 369 420 424 Euphonia
452 370 573 412 uocis
607 385 737 412 sonus
770 370 928 412 suauis.

189 441 401 483 Emiseria
433 441 632 483 dimidias
665 442 765 484 fere.

189 512 330 554 Enixa
351 513 456 555 duas
477 528 545 555 res
573 512 795 568 significat
823 516 865 554 61
892 516 1048 555 conata

249 585 302 626 ad
341 584 613 626 efficiendum
651 585 815 640 aliquid
856 587 899 626 et
938 599 1046 640 quae

247 658 377 710 partu
422 656 623 698 laborata
662 659 728 698 est
769 656 926 697 mulier
963 656 1046 697 niti

249 727 364 769 enim
401 728 472 769 uel
511 728 618 770 eniti
659 728 805 770 conari
845 728 915 769 uel
958 727 1046 769 effi-

249 813 341 841 cere
376 802 454 841 est.

151 883 167 907 5
188 871 492 927 Ergasterium
526 885 707 927 graecus
735 886 877 914 sermo
905 874 971 913 est
1003 871 1046 912 id

247 945 314 985 est
346 943 593 998 operarium
631 943 707 985 ubi
741 958 849 998 opus
888 943 938 984 fit
977 943 1047 984 uel

246 1015 428 1057 taberna
454 1015 530 1057 ubi
558 1015 739 1057 alicuius
768 1014 910 1070 operis
932 1029 1045 1056 exer-

247 1086 351 1129 citia
384 1089 604 1143 geruntur.

185 1157 465 1200 Examussim
522 1157 692 1214 integre
754 1158 845 1199 sine
895 1157 1044 1199 fraude

245 1229 380 1271 musis
429 1230 544 1272 enim
588 1229 747 1271 dicitur
796 1229 947 1286 regula
997 1232 1040 1271 et

245 1316 447 1343 mensura
478 1300 659 1343 fabrilis.

185 1372 251 1414 Ex
266 1388 312 1414 re
328 1388 379 1414 ex
394 1387 495 1414 casu
510 1387 561 1414 ex
575 1373 743 1414 ratione
760 1388 867 1428 quae
884 1372 1041 1429 agitur.

185 1444 346 1486 Exerte
377 1445 546 1500 prolate
574 1459 770 1486 exercere
801 1444 915 1486 enirn
946 1459 1043 1499 pro-

245 1516 358 1558 ferre
391 1519 457 1558 est
488 1517 558 1558 uel
591 1516 801 1572 expedire.

184 1588 423 1644 Ergastula
462 1588 665 1630 dicuntur
704 1603 728 1629 a
772 1602 927 1644 graeco
970 1587 1045 1629 ubi

246 1659 523 1702 dominantur
544 1659 663 1702 noxii
678 1659 732 1701 ad
746 1660 922 1714 aliquod
937 1674 1045 1715 opus

245 1731 491 1773 faciendum
516 1734 566 1773 ut
594 1731 736 1773 solent
762 1731 1046 1788 gladiatores:

247 1805 290 1845 et
324 1802 398 1857 qui
429 1805 536 1858 puta
562 1803 709 1845 exules
733 1818 952 1845 marmora
985 1818 1046 1845 se-

246 1877 346 1916 cant
379 1877 422 1916 et
460 1878 551 1916 tam
589 1874 862 1917 uinculorum
906 1876 1046 1916 011810-

245 1945 328 1988 diis
361 1946 532 2002 alligati
566 1948 678 1988 sunt.

133 2030 164 2055 10
185 2017 366 2073 Epiteta
404 2021 505 2060 sunt
539 2033 647 2074 quae
685 2018 937 2060 nominibus
974 2033 1044 2073 ap-

244 2093 467 2145 ponuntur
493 2093 559 2132 est
586 2093 733 2132 autem
764 2105 969 2146 graecum
995 2093 1044 2131 111

244 2164 351 2216 puta
382 2176 567 2218 magnus
601 2162 732 2204 homo
766 2163 920 2205 doctus
950 2161 1043 2217 phi-

244 2234 453 2289 losophus
487 2235 651 2289 epiteta
684 2237 797 2276 811111.

185 2304 392 2361 Elogium
431 2306 574 2362 elogia
611 2306 760 2348 laudes
800 2306 962 2347 electae
994 2308 1043 2347 ut

242 2378 349 2430 puta
383 2376 419 2418 81
447 2377 543 2432 quis
568 2377 615 2419 in
640 2377 736 2419 basi
770 2380 941 2419 statuae
969 2377 1042 2418 ali-

1885 122 1937 162 19

1084 229 1318 271 Exoticum
1349 244 1508 271 nomen
1540 231 1606 270 681
1644 243 1848 284 graecum
1881 229 1940 270 id-

1145 303 1212 342 681
1243 300 1520 357 peregrinum
1547 299 1597 341 de
1623 299 1731 342 foris
1764 300 1941 341 ueniens

1146 372 1327 413 dicimus
1367 372 1481 413 enim
1527 371 1746 413 exoticum
1790 371 1941 412 uinum

1146 443 1360 487 exoticam
1387 446 1554 486 uestem
1581 442 1798 485 exoticum
1826 458 1943 484 man-

1147 514 1318 568 cipium.

1085 584 1249 627 Exerat
1289 585 1484 640 proferat
1525 586 1713 641 primum
1758 586 1941 628 uerbum

1145 659 1211 698 est
1256 671 1382 698 exero
1428 658 1621 699 actiuum
1674 658 1780 700 facit
1828 657 1941 699 enim

1147 742 1297 770 exeror
1334 728 1558 783 passiuum
1597 732 1639 770 61
1679 744 1837 771 110111611
1877 731 1943 770 681

1145 802 1330 841 exertus.

1085 870 1208 912 Etini
1241 871 1446 913 animalia
1478 874 1578 913 sunt
1606 887 1713 927 quae
1748 872 1792 913 in
1824 873 1943 914 litto-

1145 942 1265 984 ribus
1305 943 1544 999 gignuntur
1582 959 1718 998 parua
1759 958 1941 998 quorum

1146 1029 1245 1057 caro
1278 1014 1413 1056 minio
1448 1015 1604 1056 similis
1632 1018 1675 1056 61
1708 1015 1844 1057 (1111018
1877 1018 1943 1057 681

1145 1086 1302 1141 duplex
1322 1086 1484 1127 testula
1505 1086 1640 1142 spinis
1665 1087 1884 1128 acculeata
1899 1087 1943 1128 in

1144 1157 1321 1199 modum
1348 1160 1648 1200 castanearum
1675 1159 1846 1213 quando
1873 1159 1942 1199 ad·

1142 1228 1227 1271 huc
1252 1232 1426 1284 opertae
1448 1230 1498 1271 de
1522 1230 1750 1272 arboribus
1773 1230 1942 1272 cadunt.

1079 1300 1284 1342 Essentia
1316 1301 1433 1342 dicta
1465 1301 1518 1342 ab
1547 1316 1596 1343 60
1625 1302 1738 1356 quod
1776 1304 1843 1343 est
1871 1302 1941 1342 ali-

1143 1372 1247 1427 quid
1291 1374 1338 1413 ut
1377 1372 1414 1414 si
1454 1373 1571 1414 dicas
1616 1373 1862 1415 substantia
1900 1376 1944 1414 61

1145 1446 1211 1485 681
1243 1444 1414 1500 generis
1447 1444 1656 1486 feminini.

1083 1515 1269 1557 Effutire
1297 1515 1413 1558 foras
1440 1515 1603 1571 aliquid
1631 1516 1846 1558 effundere
1873 1516 1942 1557 uel

1143 1588 1381 1643 producere
1417 1602 1513 1629 cum
1547 1587 1840 1643 garatulitate.
1885 1588 1944 1628 di-

1147 1660 1283 1702 cimus
1319 1659 1434 1701 enim
1465 1659 1614 1701 futiles
1648 1659 1845 1701 homines
1873 1675 1944 1701 ua-

1144 1746 1223 1773 nos
1250 1731 1491 1787 superfluos
1513 1733 1556 1772 et
1581 1731 1785 1786 loquaces
1808 1734 1850 1773 et
1878 1734 1944 1773 est

1145 1803 1434 1858 methaphora
1473 1818 1497 1844 a
1534 1803 1651 1844 uasis
1692 1818 1800 1858 quae
1838 1817 1944 1844 uasa

1145 1878 1189 1916 et
1226 1875 1389 1917 rimosa
1426 1890 1514 1916 non
1552 1877 1702 1916 tenent
1735 1889 1843 1929 quae
1883 1874 1943 1915 in-

1144 1946 1309 1988 ieceris.

1082 2018 1205 2060 Echo
1224 2032 1426 2074 graecum
1445 2033 1603 2060 nomen
1621 2020 1688 2060 est
1709 2020 1775 2059 est
1796 2020 1942 2058 autem

1141 2085 1287 2146 imago
1330 2090 1451 2132 uocis
1493 2105 1603 2145 quae
1647 2089 1693 2131 in
1739 2089 1941 2131 concauis

1142 2162 1249 2204 10018
1276 2162 1463 2204 resultat
1484 2164 1662 2203 ostensa
1689 2175 1738 2202 ac
1763 2163 1942 2202 rosonat

1141 2233 1385 2288 appellatus
1419 2235 1486 2274 est
1524 2235 1574 2274 ut
1612 2232 1832 2274 herculem
1869 2247 1941 2287 pa-

1140 2307 1253 2346 trem
1287 2307 1503 2346 castorem
1536 2307 1579 2346 61
1610 2304 1828 2359 pollucem
1869 2318 1940 2358 pa-

1141 2376 1244 2432 gani
1277 2376 1491 2419 dicuntur.

245 2447 365 2491 cuius
392 2449 540 2491 laudes
563 2449 727 2491 scribat
748 2452 823 2491 aut
843 2449 889 2490 in
910 2449 1041 2491 titulo
1079 2447 1146 2490 Eo
1179 2448 1355 2504 ingenio
1383 2463 1433 2489 ea
1458 2450 1615 2489 natura
1642 2448 1788 2489 omnia
1814 2461 1938 2503 gene-

242 2520 446 2576 imaginis
481 2521 624 2577 elogia
657 2521 870 2563 dicuntur.

280 2689 310 2719 1.
342 2684 562 2720 inuictorios
589 2684 624 2720 61
650 2686 681 2720 b.
720 2684 759 2719 in
776 2684 1009 2720 uentoriosui
1034 2696 1062 2720 c.

1139 2534 1239 2561 rans
1260 2520 1485 2575 ingenium
1505 2535 1583 2574 pro
1602 2522 1758 2561 natura
1778 2517 1936 2574 posuit.

1101 2683 1308 2719 inuentoris
1336 2683 1394 2719 sui
1420 2684 1464 2720 c2.
1504 2684 1529 2720 f.
1556 2683 1762 2719 inuentoris
1790 2683 1868 2718 eius
1895 2684 1936 2718 in

1967 1319 1999 1343 15

182 2756 296 2790 mary.
324 2744 362 2779 b2
387 2746 398 2790 ΙΙ
424 2749 456 2780 3.
484 2744 641 2779 dimidia
668 2745 763 2780 sfere
789 2757 833 2780 ex:
860 2744 1036 2779 dimidias
1064 2744 1140 2779 fere
1163 2746 1182 2780 b
1208 2747 1218 2790 ΙΙ
1248 2748 1279 2780 4.
1308 2755 1349 2779 60
1375 2745 1467 2779 nata
1493 2756 1511 2779 c
1551 2745 1555 2788 1
1596 2743 1818 2778 eficiendum
1844 2755 1893 2778 ac
1928 2742 1932 2789 Ι

183 2803 347 2838 liborata
368 2816 459 2840 corr.
474 2805 510 2839 02
529 2806 539 2849 ΙΙ
572 2808 604 2839 5.
630 2804 748 2851 igitur
768 2816 838 2850 pro
859 2816 1015 2851 graecus
1037 2817 1059 2840 a
1082 2806 1086 2849 l
1110 2804 1159 2838 sit
1186 2805 1205 2839 b
1237 2806 1248 2848 Η
1280 2807 1312 2839 8.
1339 2815 1486 2838 exerere
1507 2815 1551 2838 ecc
1570 2814 1739 2838 exercere
1760 2814 1850 2838 corr.
1879 2804 1899 2837 b
1926 2804 1937 2843 Η,

185 2867 216 2898 9.
243 2863 463 2909 Ergastulta
495 2875 544 2898 ac
583 2866 588 2908 Ι
629 2864 858 2899 damnantur
895 2876 984 2900 corr.
1014 2864 1053 2899 b²
1090 2865 1101 2909 ΙΙ
1148 2867 1200 2898 10.
1235 2864 1474 2909 opponuntur
1500 2863 1519 2897 b
1557 2864 1568 2906 Η
1608 2865 1661 2897 11.
1696 2861 1845 2908 eclogia
1879 2875 1901 2897 α
1931 2862 1937 2909 l

184 2923 287 2957 basis
315 2924 334 2958 b
363 2926 368 2967 Ι
395 2922 583 2968 ymaginis
609 2936 632 2959 α
657 2926 667 2969 ΙΙ
696 2929 749 2959 12.
776 2923 981 2958 Exocioum
1006 2936 1029 2959 a
1054 2926 1065 2969 ΙΙ
1092 2926 1146 2958 13.
1175 2924 1347 2968 expertus
1374 2924 1394 2957 b
1422 2924 1433 2967 ΙΙ
1464 2925 1517 2957 14.
1544 2921 1660 2955 minio
1686 2933 1730 2957 ecc
1755 2921 1878 2956 mineo
1906 2923 1935 2956 b.

184 2982 300 3017 nimio
328 2995 350 3017 α
373 2986 377 3026 Ι
400 2982 575 3017 aculeata
600 2995 616 3018 e
636 2995 726 3019 corr.
748 2985 767 3019 b
791 2985 796 3029 Ι
820 2985 1079 3018 castenearum
1106 2995 1129 3017 a
1147 2984 1158 3027 Η
1181 2986 1233 3018 16.
1261 2981 1351 3016 foris
1372 2993 1395 3016 a
1417 2984 1421 3024 1
1446 2980 1482 3015 ai
1508 2981 1756 3027 garatulitate
1781 2993 1872 3029 corr.
1896 2983 1937 3016 in

185 3054 270 3076 011111
301 3042 524 3089 garrulitate
556 3042 603 3077 b2.
645 3054 728 3077 cum
755 3072 858 3079 .....
886 3055 904 3078 e
939 3045 943 3087 Ι
977 3042 1189 3077 methafora
1224 3043 1271 3076 bc
1305 3042 1310 3086 Ι
1344 3040 1483 3074 rimosa
1514 3052 1559 3076 esc
1585 3040 1729 3076 aimora
1759 3053 1850 3077 corr.
1878 3054 1901 3076 a
1927 3043 1936 3086 j*

187 3106 242 3138 17.
268 3114 405 3148 ymago
432 3103 483 3138 ab
506 3104 510 3148 Ι
534 3102 779 3137 conc-oncauis
807 3115 829 3137 α
852 3104 856 3147 Ι
886 3102 1028 3137 offensa
1054 3113 1143 3137 corr.
1172 3100 1209 3135 b‘2
1232 3102 1237 3145 1
1265 3100 1438 3146 polucem
1458 3113 1481 3135 (ι
1503 3099 1507 3147 Ι
1531 3099 1660 3135 dicunt
1685 3113 1704 3136 0
1729 3103 1739 3146 ΙΙ

1597 3165 1616 3196 2
1630 3160 1646 3178 ³²
