2216 3402
962 133 1235 169 PRAEFATIO
1917 135 1980 169 VII

239 242 316 299 (22
337 254 392 286 ><
415 243 469 285 29
498 240 622 298 cm.)‚
666 242 772 283 haec
805 242 1046 283 continens:
1099 241 1142 299 a)
1177 243 1388 284 Paulum
1421 242 1539 284 Festi
1573 244 1904 298 epitomatorem
1938 247 1981 288 in

239 314 310 355 fol.
342 314 496 368 1-93,
528 313 740 367 scriptum
773 328 807 354 a.
839 313 969 366 14533
1010 311 1055 368 b)
1088 313 1354 355 Placidum
1387 314 1431 355 in
1464 314 1536 356 fol.
1564 316 1689 356 941—
1702 317 1800 357 125Ϊ
1833 317 1980 359 eadem

239 399 369 426 manu
402 385 630 439 scriptum,
665 382 706 441 c)
739 384 1053 438 expositionem
1088 384 1365 440 Vergilianae
1399 386 1703 440 continentiae,
1735 387 1775 428 h.
1805 392 1837 428 e'.
1864 387 1980 429 Ful-

239 456 495 511 gentium,
527 456 572 496 in
603 455 675 497 fol.
706 456 949 511 126—134,
981 456 1128 497 eadem
1162 471 1291 498 manu
1325 457 1544 511 scriptam.
1595 455 1797 499 Codicem
1828 462 1980 513 postea

237 527 332 580 ipsa
365 532 472 581 quae
506 527 682 581 scripsit
714 541 867 568 manus
901 527 985 568 alio
1020 530 1263 568 atramento
1298 528 1501 569 correxit:
1550 543 1656 582 quas
1691 530 1980 572 correctiones

239 597 386 638 manui
433 598 642 639 secundae
688 598 908 652 adscripsi.
977 597 1157 639 Librum
1202 599 1388 640 contulit
1432 613 1525 640 cum
1573 599 1747 641 Maiana
1791 600 1979 642 editione

239 667 512 709 GVILELMVS
546 668 738 710 MEYER':
771 669 1053 724 apographon
1085 670 1408 711 accuratissime
1442 670 1627 712 confecit
1655 670 1978 713 GOTTHOLDVS

238 727 582 781 GVNDERMANK
646 739 874 782 Lectiones
908 740 998 781 eius
1030 754 1057 781 a
1088 741 1237 782 littera
1268 741 1427 782 notavi.

356 809 402 867 2)
437 809 536 852 Cod.
557 810 844 853 Vaticanus
868 811 995 865 1889,
1019 811 1224 853 foliorum
1248 812 1329 853 108
1359 812 1521 866 partim
1541 814 1980 869 membranaceorum,

235 882 396 937 partim
428 897 782 936 papyraceorum,
815 882 975 924 saeculi
1007 881 1101 923 XV.
1165 881 1370 924 Continet
1402 883 1446 924 in
1478 883 1550 925 fol.
1583 886 1722 927 1—18
1757 884 1980 939 ‘proble-

236 955 373 994 mata
404 951 712 1006 Plutarchi',
752 953 902 994 deinde
941 955 1042 1007 post
1082 953 1200 994 varia
1241 954 1448 1007 opuscula
1481 956 1532 996 ad
1566 955 1734 1010 glossas
1766 971 1853 997 non
1886 972 1979 1011 per-

235 1024 419 1065 tinentia
462 1024 508 1065 in
545 1024 618 1067 fol.
652 1024 868 1066 91—108
906 1022 1184 1066 Placidum.
1257 1024 1459 1067 Codicem
1505 1027 1692 1068 contulit
1732 1042 1829 1069 cum
1868 1027 1980 1068 MAII

236 1094 424 1137 editione
458 1094 705 1136 GVSTAVvs
738 1094 923 1136 LOEWE.

354 1164 401 1223 3)
435 1164 536 1208 Cod.
558 1166 843 1208 Vaticanus
871 1167 1004 1221 3441,
1038 1167 1141 1208 olim
1164 1166 1328 1208 Fvan
1349 1167 1513 1210 VRsmi
1534 1167 1606 1224 (cf.
1628 1169 1674 1210 P.
1695 1170 1744 1210 de
1766 1169 1806 1211 N
1812 1181 1978 1220 omme,

232 1239 275 1280 la
313 1237 514 1279 biblioth.
547 1238 596 1279 de
636 1237 788 1279 Fulvio
822 1237 969 1279 Orsini
1000 1253 1039 1292 p.
1068 1236 1185 1293 378),
1230 1238 1302 1293 qui
1336 1239 1427 1293 ipse
1461 1240 1621 1281 multas
1656 1241 1978 1283 emendationes

233 1309 464 1364 adscripsit
492 1308 566 1364 (=
587 1324 641 1350 m.
662 1309 721 1364 2),
749 1309 1014 1364 chartaceus,
1042 1309 1343 1351 miscellaneus
1372 1325 1478 1353 saec.
1506 1310 1597 1352 XV.
1636 1311 1798 1352 VRSINI
1825 1327 1977 1354 manus

231 1395 320 1422 non
364 1395 532 1435 semper
579 1380 704 1422 facile
747 1395 772 1421 a
810 1395 940 1422 manu
978 1381 1135 1435 prioris
1175 1381 1433 1423 correctoris
1481 1382 1520 1423 h.
1554 1397 1587 1423 e.
1627 1382 1762 1437 ipsius
1812 1384 1978 1425 scribae

234 1451 430 1507 dignosci
461 1451 618 1506 potuit.
670 1449 871 1493 Codicem
905 1450 964 1508 (b)
993 1467 1089 1494 cum
1124 1452 1248 1493 MAIO
1283 1452 1467 1494 contulit
1495 1452 1769 1495 GVILELMVS
1798 1454 1977 1496 MEYER.

351 1521 398 1580 4)
445 1522 546 1565 Cod.
588 1523 884 1565 Vaticanus
930 1523 1042 1565 5621
1091 1538 1199 1565 saec.
1237 1523 1358 1578 XVI,
1405 1524 1478 1578 qui
1520 1523 1563 1580 1)
1601 1523 1758 1566 Atilii
1796 1525 1980 1567 Fortu-

232 1593 433 1635 natiani
465 1597 604 1635 artem
637 1596 680 1635 et
707 1594 792 1635 alia
819 1595 1030 1649 quaedam
1058 1594 1264 1649 opuscula
1291 1595 1577 1650 grammatica
1603 1596 1815 1650 continet,
1859 1596 1906 1652 2)
1933 1598 1978 1638 in

231 1665 305 1707 fol.
333 1665 384 1706 31
422 1664 637 1719 incipiunt
669 1666 841 1721 glossae
874 1665 1093 1720 Placidi,
1137 1664 1192 1722 ·3)
1226 1665 1422 1720 sequitur
1454 1666 1728 1722 Fulgentii
1761 1668 1976 1722 expositio

236 1735 511 1792 Vergilianae
545 1736 854 1791 continentiae,
904 1735 952 1794 4)
984 1738 1115 1779 finem
1146 1737 1312 1779 faciunt
1345 1738 1553 1792 opuscula
1586 1739 1874 1793 grammatica
1906 1737 1977 1795 (cf.

232 1807 426 1848 KEILIVS
460 1807 486 1848 l.
515 1822 546 1849 s.
573 1805 638 1864 s.).
700 1807 769 1849 Ex
806 1808 887 1850 hoc
929 1809 1074 1850 codice
1106 1809 1300 1863 potiores
1333 1808 1540 1850 lectiones
1575 1808 1793 1850 LOEWIVS
1829 1814 1978 1852 enota-

232 1882 376 1932 verat,
418 1878 588 1920 litteras
632 1878 672 1919 A
716 1882 759 1921 et
804 1878 835 1921 C
881 1879 1107 1921 MEYERVS
1154 1880 1419 1922 contulerat:
1464 1881 1747 1935 apographon
1793 1881 1980 1923 confecit

232 1949 437 1991 IOANNES
470 1950 752 1991 TSCHIEDEL.
816 1950 956 1992 Huius
990 1950 1090 1992 libri
1123 1950 1361 2005 scripturas
1393 1965 1412 1993 c
1443 1951 1591 1992 littera
1622 1953 1782 1993 notavi.

349 2019 396 2077 5)
424 2021 525 2063 Cod.
550 2021 902 2077 Angelicanus
931 2022 980 2063 R.
1007 2023 1044 2063 4.
1075 2023 1097 2064 7
1127 2021 1251 2078 (olim
1279 2022 1322 2063 II
1347 2023 1386 2064 4.
1417 2020 1502 2078 18),
1531 2023 1784 2065 chartaceus
1813 2024 1975 2066 saeculi

228 2091 348 2147 XVI,
388 2093 441 2134 31
481 2092 687 2134 foliorum
726 2093 770 2134 in
809 2094 847 2136 8.
921 2093 972 2135 In
1015 2094 1238 2136 involucro
1284 2108 1437 2136 manus
1487 2108 1594 2135 saec.
1638 2093 1744 2135 XVI
1783 2095 1975 2150 scripsit:

231 2163 537 2206 Dictionariuni
570 2164 734 2207 Placidi
773 2166 957 2207 nondum
993 2166 1253 2219 impressum,
1293 2165 1450 2220 quibus
1484 2180 1636 2206 manus
1670 2166 1974 2208 recentissima

230 2235 329 2276 Mai
358 2238 462 2277 auci.
495 2234 626 2278 Class.
659 2236 754 2289 III,
785 2239 874 2279 427
906 2237 1081 2278 addidit.
1119 2236 1171 2278 In
1201 2237 1275 2279 fol.
1311 2238 1351 2279 Ρ
1382 2236 1545 2292 legitur
1570 2236 1788 2290 Incipiunt
1816 2238 1976 2291 ylossae

232 2305 399 2348 Placidi
424 2307 700 2360 yrammau'ci,
733 2308 776 2348 in
809 2307 882 2349 fol.
911 2308 989 2349 31¹l
1030 2308 1218 2351 Vernalis
1243 2323 1269 2349 a
1295 2322 1422 2350 uerno
1449 2311 1622 2361 tempore
1648 2309 1808 2350 (licitur.
1850 2309 1978 2351 Laus.

230 2376 330 2419 Deo.
366 2377 510 2418 Arnen.
560 2377 689 2420 Hunc
721 2379 913 2420 codicem
947 2377 1095 2435 (quem
1124 2379 1275 2421 MAIVS
1313 2394 1402 2421 non
1441 2379 1610 2421 videtur
1646 2379 1840 2436 novisse)
1881 2395 1976 2422 con-

232 2446 335 2488 tulit
369 2446 644 2490 GVILELMVS
677 2449 859 2503 MEYER„

350 2517 396 2576 6)
448 2518 550 2562 Cod.
594 2519 1004 2576 Hamburgensis
1050 2521 1210 2562 saeculi
1253 2520 1360 2562 XVI
1405 2522 1472 2563 vel
1518 2520 1658 2575 XVII,
1706 2524 1772 2562 est
1813 2521 1978 2563 formae

232 2593 489 2645 quartanae,
524 2591 719 2633 continet
755 2592 837 2634 148
870 2591 977 2633 folia
1009 2592 1247 2634 chartacea.
1312 2592 1458 2634 Primo
1491 2593 1587 2634 loco
1621 2595 1687 2634 est
1722 2590 1812 2649 (fol.
1845 2594 1977 2647 1-7)

232 2661 381 2703 ‘Index
422 2675 567 2704 uocum
613 2663 888 2705 barbararum
930 2664 996 2705 uel
1036 2678 1138 2717 quac
1182 2664 1382 2706 barbarae
1418 2665 1553 2707 uideri
1588 2667 1753 2718 possent
1789 2678 1815 2705 a
1855 2664 1978 2706 Petro

233 2732 422 2775 Blesensi
452 2737 677 2787 usurpatae
702 2738 739 2776 et
763 2748 789 2775 a
815 2734 1002 2776 Iohanne
1028 2735 1194 2777 Busaeo
1220 2735 1452 2789 explicatae,
1485 2735 1671 2777 secundo
1701 2735 1793 2789 (fol.
1814 2733 1980 2791 8—99)

234 2803 410 2846 Ioannis
434 2804 562 2859 Lydii
583 2805 832 2858 ylossarium
859 2806 1241 2861 latino-barbarum,
1273 2807 1566 2849 uocabulorum
1591 2806 1852 2848 obscurorum
1878 2820 1981 2859 quac

233 2875 280 2916 in
306 2874 523 2929 Clenianye
553 2879 673 2930 atque
697 2877 795 2919 aliis
825 2878 1024 2931 sequioris
1054 2878 1206 2920 saeculi
1236 2878 1499 2931 scriptoribus
1530 2877 1813 2930 inueniuntur,
1845 2877 1978 2918 tertio

234 2944 328 3001 (fol.
365 2947 616 3001 loo—119)
665 2947 819 3001 Officia
860 2949 948 2990 siue
991 2949 1258 3002 mayistratus
1297 2946 1424 3004 (opus
1464 2947 1516 2988 ad
1555 2961 1623 2988 res
1663 2947 1979 2990 ecclesiasticas

235 3015 467 3073 spectans),
501 3021 654 3071 quarto
689 3018 782 3074 (fol.
812 3017 1064 3075 120—148)
1097 3019 1315 3073 Incipiunt
1339 3019 1497 3073 ylossae
1522 3019 1690 3060 Placidi
1716 3020 1982 3072 grammatici

233 3120 272 3129 ..
292 3088 460 3130 .›Laus.
485 3089 555 3130 cleo
581 3090 727 3132 Amen.
779 3089 957 3131 Glossas
992 3090 1077 3131 alia
1108 3104 1261 3130 manus
1295 3090 1471 3144 scripsit
1504 3093 1633 3146 atque
1667 3090 1976 3132 antecedentia.
2059 3112 2070 3123 -
