2216 3402
787 115 1023 152 PLACIDVS
1051 116 1237 154 CODICIS
1264 117 1477 154 PARISINI

113 237 176 274 fol.
198 240 236 272 8ιΓ
256 225 500 282 *Neptibus
523 259 532 268 .
551 226 788 269 luxuriosis

255 297 641 342 *Neniam.finem
667 298 775 341 alias
803 313 976 342 carmen
1002 314 1115 343 mor-

316 373 441 413 tuum

255 442 514 486 *Neeiccum
535 477 544 487 .
563 444 668 487 nicil
726 447 729 451 ’

255 514 532 574 >³‘Neglegens
572 549 581 558 .
618 516 754 558 husus
812 517 1007 559 obtinuit
1069 523 1118 560 ut

315 592 549 644 utrumque
569 603 646 644 per
673 602 702 644 g
722 620 730 629 .
753 589 953 643 quamuis
975 593 1018 632 et
1041 606 1118 645 per

316 676 337 704 c
366 695 373 703 .
400 661 446 703 in
496 660 734 716 aliquantis
785 660 959 717 legatur
987 663 1118 718 ‚quia

316 748 376 776 .c.
385 747 432 790 g.
451 748 586 775 unum
606 735 796 788 pensunt
818 765 827 775 .
845 748 946 787 nam
975 734 1116 791 gallus

317 821 451 861 quum
466 820 494 862 g
506 839 515 848 .
531 805 625 847 sola
646 804 704 846 sit
720 837 729 847 .
743 804 991 848 inuenimus
1006 822 1117 862 .per.

316 893 361 935 g.
383 880 426 920 et
448 892 488 920 c.
508 877 700 933 positam
720 912 728 920 .
750 892 854 934 ergo
875 877 959 921 hoc
985 879 1118 934 parti-

316 950 478 1006 cipium
527 950 598 992 uel
647 965 807 993 nomen
852 965 903 993 ex
949 951 1117 994 duobus

315 1021 500 1079 integris
558 1022 836 1078 conpositum
893 1026 960 1066 est
987 1057 994 1066 .
1021 1039 1115 1067 con-

315 1094 538 1137 iunctione
559 1082 824 1138 disiunctiua
845 1129 853 1137 .
875 1098 918 1138 et
938 1096 1089 1153 legens
1110 1130 1118 1140 .

315 1166 548 1222 participio
564 1202 572 1210 .
588 1168 702 1223 quod
724 1168 761 1210 si
781 1168 942 1224 gradus
963 1168 1093 1211 abeat
1111 1203 1118 1211 .

316 1239 399 1281 erit
451 1255 609 1282 nomen
637 1273 646 1282 .
673 1243 717 1282 et
772 1240 1010 1296 neglegens
1038 1274 1046 1282 .
1075 1244 1118 1282 et

316 1312 621 1369 neglegentior
661 1347 668 1355 .
703 1313 1117 1369 neglegentissimus

315 1384 618 1440 participium.
632 1385 864 1442 neclegens
881 1419 889 1428 .
903 1386 1098 1428 necletus
1112 1420 1119 1427 .

315 1457 606 1513 neclegendus

220 1538 236 1564 5
256 1528 446 1572 Necesse
491 1533 559 1572 est
586 1564 594 1573 .
622 1530 922 1573 confirmantis
971 1531 1120 1574 aduer—

316 1600 437 1643 uium
471 1604 538 1644 est

257 1673 564 1730 *Nequiquam
586 1709 593 1717 .
616 1678 659 1717 et
697 1691 785 1718 non
825 1676 1046 1733 significat
1077 1680 1120 1720 et

319 1761 407 1789 non
439 1746 530 1788 ita.
553 1750 597 1789 et
628 1762 717 1790 non
750 1748 887 1791 audeo

257 1817 503 1861 *Neutrum
541 1818 724 1862 dicimus
751 1853 760 1862 .
787 1821 840 1863 ab
880 1821 963 1865 hoc
1002 1817 1122 1877 ipsut

319 1906 458 1948 genus
481 1924 489 1934 .
509 1894 558 1933 ut
602 1895 710 1947 puta
737 1925 746 1935 .
772 1896 978 1936 neutrum
1020 1895 1121 1939 uolo

318 1978 450 2020 pecus
466 1996 476 2006 .
489 1966 694 2007 neutrum
715 1979 940 2008 scamnum
957 1967 1023 2009 ,id
1043 1982 1122 2011 nec

317 2037 402 2080 hoc
433 2051 514 2079 nec
549 2036 651 2079 illut
671 2070 680 2080 .
700 2052 753 2080 ne
788 2041 936 2080 utrum
976 2040 1121 2082 enim.

319 2109 372 2152 ad
404 2109 695 2152 masculinum
734 2124 871 2166 genus
905 2111 1120 2155 refertur.

317 2185 368 2224 ut
399 2184 506 2238 puta
527 2217 534 2224 .
555 2184 760 2224 neutrum
787 2182 1029 2226 amicorum
1052 2200 1121 2226 ue-

318 2254 386 2297 nit
406 2287 416 2297 .
436 2254 480 2296 id
499 2268 579 2297 nec
598 2253 670 2296 hic
690 2268 769 2296 nec
789 2254 863 2297 ille
880 2291 886 2298 .
903 2258 947 2298 et
966 2260 1121 2309 neuter

319 2326 479 2369 dicitur
512 2326 562 2367 de
602 2325 772 2369 duobus
795 2360 804 2369 .
826 2327 918 2370 sine
957 2331 1121 2372 utrum-

318 2397 386 2441 uis
431 2397 662 2441 dicere.si
701 2406 807 2455 ergo
852 2400 1037 2443 dicimus
1078 2405 1121 2445 et

318 2473 416 2513 uter
443 2473 487 2513 et
518 2473 668 2513 utrum
689 2506 696 2514 .
716 2474 767 2513 ut
798 2475 906 2527 puta
929 2507 935 2514 .
956 2476 1121 2516 utrum-

318 2541 387 2585 uis
420 2542 581 2599 eligere
602 2577 610 2586 .
632 2546 709 2586 aut
746 2544 831 2587 hoc
852 2577 862 2587 .
883 2547 958 2587 aut
989 2544 1092 2588 illut
1112 2580 1120 2588 .

319 2618 418 2657 uter
450 2617 550 2657 Μ
582 2615 644 2658 sic
670 2616 794 2658 uerui
828 2616 974 2672 gratia
994 2651 1002 2660 .
1023 2620 1122 2660 uter

319 2687 416 2729 uult
436 2722 443 2728 .
464 2687 614 2729 ueniat
637 2687 784 2733 ad.me
808 2721 815 2728 .
836 2688 879 2729 id
901 2721 908 2729 .
930 2689 1004 2744 qui
1024 2689 1121 2732 uult

319 2758 370 2800 de
403 2759 572 2801 duobus

263 2828 416 2884 *Nepa
437 2864 444 2871 .
467 2831 662 2885 scorpios
695 2845 778 2886 que
809 2834 938 2874 natos
972 2847 1124 2876 consu-

320 2901 536 2943 mit.nisi
575 2916 674 2944 eum
713 2903 788 2958 qui
827 2903 956 2946 dorso
998 2904 1091 2947 eius
1111 2938 1121 2948 .

319 2971 501 3015 ineserit
521 3006 529 3014 .
549 2987 724 3015 rursum
744 3008 753 3016 .
773 2975 867 3030 ipse
912 2976 987 3031 qui
1037 2991 1122 3019 ser-

319 3046 449 3086 uatus
490 3035 625 3086 fuerit
663 3047 882 3089 consumit
920 3051 1121 3103 patrem.

321 3115 433 3157 unde
464 3114 692 3159 homines.
715 3118 789 3173 qui
820 3119 936 3161 bona
969 3134 1120 3175 paren-

1931 118 2011 159 121

1213 232 1307 271 tum
1332 263 1339 271 .
1360 244 1437 284 per
1462 228 1680 271 luxuriam
1707 231 2016 271 consummunt

1214 303 1396 357 nepotes
1438 299 1642 343 dicuntur
1669 333 1678 342 .
1703 299 1805 342 hinc
1844 315 2015 356 quoque

1213 373 1441 429 nepotatio
1479 387 1558 428 pro
1597 372 1770 414 luxuria
1807 373 1987 428 ponitur
2008 407 2015 413 .

1216 460 1300 500 qua
1345 448 1460 488 certe
1500 459 1667 501 queque
1712 459 1780 487 res
1821 459 2016 487 consum-

1217 520 1396 559 muntur

1157 588 1223 630 Ne
1244 623 1251 631 .
1274 589 1494 631 interdum
1515 621 1523 630 .
1545 589 1800 632 adueruium
1818 589 2017 644 proiben-

1215 661 1274 703 tis
1296 696 1303 703 .
1324 661 1543 704 interdum
1576 661 1823 710 interiectio
1857 664 1924 703 est

1156 732 1300 776 *Nicil
1328 748 1375 776 os
1403 733 1517 775 etius
1540 768 1546 775 .
1568 733 1673 776 nicil
1691 732 1896 776 hominus
1920 767 1927 775 .
1948 733 2018 775 uel
2041 747 2073 773 10

1215 821 1304 849 non
1337 805 1465 848 aliter

1156 878 1274 921 Nicil
1294 877 1498 921 hominus
1514 911 1522 920 .
1536 893 1615 920 nec
1642 877 1786 920 minus
1807 878 1877 920 uel
1898 912 1905 920 .
1928 878 2019 920 sine

1216 950 1347 993 dubio

1157 1022 1274 1066 Nicil
1307 1022 1499 1078 pendens
1521 1054 1529 1064 .
1550 1037 1629 1078 pro
1662 1022 1795 1065 nicilo
1829 1024 1962 1066 abens

1157 1094 1215 1137 Ni
1236 1130 1242 1137 .
1263 1094 1349 1137 nisi

1156 1166 1199 1209 N
1201 1167 1304 1210 imfe
1326 1201 1333 1209 .
1356 1167 1432 1209 dee
1464 1166 1653 1209 fontium

1157 1239 1345 1282 Nimfios
1368 1273 1376 1282 .
1398 1254 1585 1295 sponsus
2044 1254 2075 1279 ιε,

1157 1312 1303 1354 N'imfe
1326 1347 1332 1354 .
1355 1327 1516 1368 sponsa
1537 1346 1545 1354 .
1568 1314 1646 1368 gff

1158 1384 1333 1427 Nimfas
1357 1420 1363 1427 .
1385 1385 1620 1427 nimfarum
1644 1420 1650 1427 .
1674 1400 1833 1442 genera
1883 1387 2023 1428 multa

1220 1460 1323 1500 sunt
1361 1460 1411 1499 ut
1450 1458 1628 1500 oreades
1649 1494 1656 1500 .
1677 1458 1881 1514 pediades
1904 1493 1911 1500 .
1931 1459 2022 1501 nai·

1222 1530 1295 1572 des
1318 1565 1325 1572 .
1346 1530 1593 1586 potamides
1615 1564 1623 1573 .
1643 1533 1777 1586 napet

1157 1601 1380 1644 Nimirum
1403 1637 1410 1644 .
1431 1601 1630 1657 profecto
1651 1636 1659 1644 .
1683 1601 1776 1645 sine
1814 1603 1946 1646 dubio

1160 1674 1380 1717 Nimirum
1408 1709 1415 1716 .
1443 1674 1569 1717 ualde
1615 1674 1775 1717 mirum
1820 1676 1890 1717 uel
1931 1676 2023 1718 sine

1220 1747 1352 1790 dubio

1159 1818 1200 1861 N
1203 1819 1372 1876 imquid
1392 1853 1401 1863 .
1421 1833 1510 1862 non
1541 1818 1707 1874 aliquid

1160 1891 1366 1948 Nimquis
1388 1926 1396 1934 .
1417 1906 1506 1935 non
1538 1891 1696 1947 aliquis

1160 1964 1272 2007 Nisa
1293 1997 1301 2006 .
1322 1979 1448 2007 mons
1481 1964 1596 2007 indie

1161 2036 1258 2079 Nisi
1280 2071 1288 2079 .
1311 2040 1470 2080 conatu
1489 2069 1499 2080 .
1519 2037 1589 2079 uel
1624 2036 1849 2079 conamine

1161 2106 1310 2152 Nitela
1331 2142 1340 2152 .
1361 2125 1436 2152 rex
1470 2109 1635 2152 solinus
1658 2145 1665 2151 .
1687 2124 1789 2151 nam
1817 2110 2025 2166 precipua

1220 2182 1327 2225 uiris
1343 2182 1485 2239 gloria
1500 2197 1545 2225 es
1561 2216 1568 2225 .
1583 2182 1629 2224 in
1644 2196 1868 2225 armorum
1887 2182 2025 2224 nitela

1160 2253 1292 2297 Nitar
1313 2287 1322 2298 .
1343 2270 1473 2297 coner
1494 2289 1501 2296 .
1522 2254 1680 2298 moliar

1160 2326 1318 2369 Nitens
1347 2360 1356 2370 .
1382 2327 1666 2382 participium
1700 2330 1767 2370 est
1795 2360 1804 2370 .
1832 2328 2022 2371 adueruo

1220 2400 1335 2456 quod
1367 2402 1434 2442 est
1466 2399 1636 2441 nitatur

1160 2471 1365 2514 Nitentes
1388 2506 1395 2514 .
1416 2471 1580 2514 nitidos

1159 2543 1318 2587 Nitens
1339 2578 1346 2586 .
1367 2544 1532 2586 nitidus

1160 2616 1286 2659 Nitet
1306 2651 1314 2659 .
1337 2617 1535 2673 splendet
1567 2616 1638 2658 uel
1670 2616 1786 2659 lucet

1158 2689 1337 2731 Nitidus
1360 2725 1366 2732 .
1389 2688 1640 2745 splendidus

1158 2760 1298 2804 Nixus
1319 2795 1328 2805 .
1348 2761 1573 2803 incumbet
1605 2759 1765 2815 premit

1162 2833 1279 2876 Nixa
1299 2865 1310 2876 .
1331 2833 1564 2876 coniuncta

1161 2904 1313 2948 Nodor
1335 2939 1342 2947 .
1364 2905 1471 2947 odor

1160 2976 1288 3018 Nodo
1311 3010 1319 3018 .
1339 2975 1599 3031 inligatione

1160 3046 1392 3089 Nomisma
1413 3080 1421 3088 .
1443 3049 1619 3089 moneta
1640 3080 1647 3088 .
1670 3047 1739 3088 uel
1771 3046 1914 3090 forma

1159 3119 1261 3162 Non
1294 3133 1415 3161 secus
1438 3151 1447 3161 .
1467 3133 1556 3161 non
1589 3118 1716 3160 aliter

2044 1835 2078 1859 20

2042 2270 2076 2295 25

2041 2704 2075 2729 30

2041 3064 2076 3090 35
