2216 3402
198 147 282 181 XIV
924 143 985 176 PR
992 142 1197 177 AEFATIO

202 256 286 297 duo
313 255 449 296 libros
475 257 647 309 praeter
679 256 843 295 ceteros
871 252 1025 306 dignos
1052 251 1278 306 iudicasse,
1311 266 1360 292 ex
1389 266 1573 305 quorum
1599 251 1807 293 memoria.
1833 251 1942 293 anti·
1992 259 1994 262 ’

200 326 409 381 quissima
442 326 658 379 scriptura
688 324 816 364 huius
849 321 975 364 lexici
1018 325 1257 364 erueretur:
1303 322 1493 364 codicem
1533 321 1941 378 Sangermanen-

200 412 301 438 sem
336 396 493 438 saeculi
528 395 724 449 VIIIs‘IX
751 397 793 435 et
821 394 1012 435 codicem
1044 392 1343 435 Palatinum
1377 393 1536 435 saeculi
1568 393 1626 434 X:
1658 393 1813 448 reliqui
1839 393 1942 435 libri

201 471 415 522 quotquot
453 471 554 509 sunt
605 466 715 508 abici
755 467 963 519 possunt,
1006 465 1196 519 itemque
1237 465 1310 519 qui
1349 479 1400 506 ex
1438 464 1551 506 libro
1591 465 1836 520 glossarum
1874 480 1942 519 pe-

201 541 367 580 tierunt
398 539 476 580 has
510 539 699 593 glossas,
731 537 851 578 velut
877 536 1093 591 glossaria
1126 534 1438 591 Salomonis,
1468 535 1676 590 Papiae,
1709 536 1944 587 Osberni,

200 610 543 665 Ilugutionis,
589 609 784 650 aliorum.
848 606 1050 649 Codicem
1096 606 1587 662 Sangermanensem
1631 607 1712 649 hac
1753 607 1944 648 in'urbe

201 681 361 734 partim
396 680 784 721 Gx·x1›1·:u.u,xNst
818 679 980 733 partim
1007 678 1087 734 ego
1115 678 1418 733 excerpsimus,
1451 681 1654 733 excerpta
1679 679 1818 719 denuo
1846 692 1943 719 cum

201 752 436 806 exemplari
484 751 666 804 contuli,
718 749 877 792 codicis
922 749 1154 790 Palatini
1199 749 1533 804 discrepantiam
1579 750 1685 791 meis
1731 749 1945 804 excerptis

202 823 359 864 adiecit
391 822 596 864 IOANNES
629 821 910 863 TSCHIEDEL.
973 820 1185 875 Excerpsi
1218 823 1362 861 autem
1390 836 1478 862 non
1510 821 1636 862 modo
1664 836 1735 863 eas
1762 821 1946 877 glossas,

201 909 306 948 quas
338 894 489 935 notula
521 893 710 948 praefixa
743 891 926 949 (PLAC,
960 890 1146 946 PLACI,
1177 890 1308 945 PLA,
1341 890 1578 947 PLACHI,
1608 891 1700 947 PL,
1732 891 1784 943 P,
1818 889 1947 946 aliae)

200 964 256 1005 Pl
275 965 418 1006 acido
447 965 663 1019 attribuit,
689 979 838 1005 verum
865 963 996 1004 etiam
1023 963 1213 1017 reliquas
1248 977 1356 1017 quae
1385 978 1652 1018 quacumque
1678 966 1784 1004 nota
1811 962 1950 1019 signa·
1979 998 1984 1002 .

203 1040 271 1077 tae
313 1040 414 1077 sunt
454 1034 523 1092 (ut
554 1037 601 1077 de
627 1036 694 1090 gd„
735 1035 856 1089 νίν-9.,
888 1033 988 1089 Οἱς.)
1035 1038 1182 1075 tamen
1215 1034 1266 1075 ad
1305 1033 1570 1076 Placidum
1615 1035 1837 1089 pertinent
1882 1034 1948 1075 vel

201 1108 418 1162 pertinere
457 1107 674 1161 videntur,
719 1106 764 1147 in
801 1106 870 1147 his
910 1106 1043 1147 etiam
1082 1120 1153 1147 eas
1191 1120 1278 1146 non
1312 1105 1462 1160 semel,
1507 1120 1615 1161 quae
1654 1121 1739 1148 non
1773 1121 1823 1147 ex
1855 1106 1950 1160 ipso

203 1178 403 1220 Placidi
438 1179 594 1233 codice,
628 1178 700 1220 sed
728 1193 779 1219 ex
805 1177 1009 1218 Isidoro
1043 1176 1333 1231 transcriptae
1361 1180 1462 1218 sunt
1496 1176 1632 1233 (notis
1666 1192 1813 1218 earum
1840 1191 1949 1231 quae

202 1250 411 1292 Placido
444 1265 529 1291 11011
557 1249 863 1291 adscribuntur
895 1250 941 1290 in
972 1249 1055 1290 fine
1089 1249 1335 1303 glossarum
1366 1246 1566 1303 adiecta).
1620 1247 1800 1303 Saepius
1843 1249 1950 1290 duae

204 1323 268 1363 vel
302 1325 389 1363 tres
423 1322 594 1377 glossae
614 1320 838 1362 Placideae
866 1320 1096 1362 continuae
1123 1334 1208 1360 uno
1237 1319 1374 1374 signo,
1408 1320 1522 1373 quod
1541 1320 1706 1374 primae
1728 1319 1794 1361 vel
1813 1319 1950 1374 priori

204 1394 375 1449 glossae
416 1393 608 1434 additum
649 1395 761 1447 erat,
800 1391 1135 1446 comprehensae
1169 1393 1287 1445 sunt3
1329 1405 1417 1432 non
1449 1392 1591 1432 minus
1626 1406 1751 1446 saepe
1784 1391 1953 1446 accidit,

202 1468 252 1505 ut
297 1465 469 1520 glossae
514 1464 580 1505 vel
627 1464 785 1519 glossis
831 1462 1032 1505 Placidi
1071 1462 1180 1504 aliae
1219 1462 1491 1503 adicerentur
1529 1477 1579 1503 ex
1617 1463 1788 1504 diverso
1830 1462 1951 1504 fonte

205 1536 366 1590 petitae
395 1536 485 1577 sine
514 1550 590 1577 sua
615 1538 730 1576 nota.
782 1534 908 1576 Tales
936 1534 1106 1576 ordines
1140 1533 1361 1587 exscripsi,
1394 1532 1468 1574 ubi
1494 1548 1582 1575 11011
1607 1533 1822 1575 habebam
1851 1547 1953 1587 quo-

204 1608 330 1649 modo
371 1607 530 1648 alienas
571 1607 740 1662 glossas
783 1607 910 1661 plane
956 1606 1274 1661 dignoscerem3
1318 1604 1393 1646 ubi
1435 1604 1625 1646 dubitari
1662 1619 1751 1646 non
1791 1605 1953 1660 potuit,

204 1678 341 1720 abieci
368 1679 536 1734 glossas
565 1678 726 1719 alienas
755 1692 1018 1732 quamquam
1044 1679 1150 1718 nota
1175 1675 1377 1717 Placidi
1405 1676 1750 1730 comprehensas.
1796 1676 1879 1718 Sed
1905 1677 1949 1717 111

206 1750 286 1791 1130
319 1764 489 1805 quoque
523 1765 566 1791 re
600 1750 726 1804 plura
759 1750 1002 1790 exscribere
1036 1748 1168 1790 malui
1203 1762 1332 1801 quam
1373 1747 1574 1788 omittere
1614 1762 1723 1802 quae
1754 1747 1952 1789 Placidi

207 1834 299 1862 esse
344 1821 526 1875 possint.
591 1821 715 1870 Quod
758 1835 832 1861 0111·
870 1821 933 1861 ita
973 1819 1149 1862 fecerim
1187 1819 1313 1860 facile
1352 1818 1610 1874 intellegent
1649 1819 1723 1874 qui
1757 1819 1955 1861 emenda-

206 1891 316 1933 tioni
338 1906 514 1946 operam
528 1892 760 1933 navabunt.
781 1917 830 1921 —
851 1891 1067 1933 Glossae
1089 1891 1364 1932 Placideae
1385 1889 1511 1930 libri
1533 1890 1827 1945 glossarum
1847 1891 1955 1932 eius-

207 1963 303 2003 dem
323 1964 492 2018 generis
521 1966 622 2005 sunt
647 1966 776 2018 atque
804 1963 976 2019 glossae
1004 1961 1163 2004 codicis
1190 1960 1420 2003 Parisini
1448 1962 1498 2002 de
1527 1962 1682 2015 quibus
1711 1976 1842 2015 supra
1869 1961 1955 2017 egi-

207 2049 322 2088 mus,
363 2035 476 2088 quod
511 2050 608 2076 cum
643 2035 738 2076 aliis
772 2034 1034 2076 lectionibus
1069 2034 1394 2074 demonstratur
1427 2035 1520 2073 tum
1553 2047 1621 2087 eo,
1661 2034 1776 2087 quod
1808 2032 1957 2088 glossa

209 2105 373 2160 Lupam
399 2108 644 2148 meretricem
671 2121 698 2148 a
722 2108 950 2160 rapacitate
980 2106 1045 2147 uel
1071 2120 1098 2147 a
1125 2105 1293 2146 libidine
1317 2105 1404 2145 eius
1430 2104 1630 2145 animalis
1661 2105 1768 2145 unde
1797 2108 1835 2146 et
1859 2105 1958 2158 lupa

209 2177 390 2229 lepidum
432 2178 581 2229 festina
627 2178 775 2219 eodem
818 2177 863 2218 in
903 2179 1087 2231 utraque
1129 2175 1339 2216 memoria
1378 2175 1506 2216 modo
1547 2175 1842 2217 contaminata
1879 2178 1959 2229 est,

211 2262 308 2289 cum
339 2247 386 2288 in
425 2248 578 2289 libris
618 2248 864 2290 Romanis
904 2248 1075 2303 glossae
1109 2247 1215 2288 duae
1249 2246 1357 2301 sint,
1394 2246 1467 2287 sed
1499 2246 1649 2287 eodem
1681 2246 1726 2287 111
1758 2247 1854 2288 1000
1886 2259 1959 2301 po-

211 2319 320 2360 sitae
355 2317 426 2374 (cf.
454 2318 770 2360 DEVERLINGII
797 2319 930 2374 praef.
965 2334 1004 2373 p.
1028 2316 1122 2374 Vl).
1186 2317 1295 2359 Cum
1323 2320 1468 2358 autem
1500 2317 1634 2358 liber
1665 2318 1958 2373 glossarum

214 2390 391 2444 insuper
424 2391 595 2431 easdem
634 2391 804 2446 glossas
844 2394 1015 2445 praeter
1047 2389 1318 2431 Placideas
1358 2388 1570 2443 receperit
1603 2403 1710 2443 quas
1742 2389 1882 2430 inesse
1914 2388 1959 2430 in

212 2461 323 2502 libro
364 2461 605 2503 Parisino
646 2477 776 2516 supra
814 2462 1020 2514 diximus,
1065 2461 1197 2502 codex
1236 2462 1380 2501 autem
1417 2458 1688 2502 Parisinus
1728 2474 1779 2501 ex
1822 2459 1958 2501 libro

211 2533 504 2587 glossarum
537 2533 656 2574 nullo
691 2533 817 2574 modo
846 2533 1032 2574 derivari
1058 2530 1199 2586 possit
1229 2556 1280 2560 —
1308 2531 1351 2572 id
1384 2532 1497 2585 quod
1524 2532 1590 2573 vel
1619 2532 1767 2573 ordine
1794 2531 1956 2587 glossa-

213 2619 308 2645 rum
336 2603 408 2658 qui
441 2607 507 2645 est
539 2604 583 2644 in
617 2604 761 2645 codice
794 2603 1037 2645 Parisino
1071 2602 1313 2644 excluditur
1345 2627 1398 2631 —
1432 2602 1525 2643 fieri
1558 2603 1629 2643 vix
1661 2601 1822 2656 poterit
1855 2602 1960 2656 quin

215 2675 406 2716 librum
446 2675 740 2730 glossarum
779 2677 854 2716 aut
893 2689 942 2715 ex
981 2673 1218 2715 vetustiore
1258 2672 1493 2727 exemplari
1533 2673 1724 2714 eiusdem
1757 2671 1961 2727 glossarii

219 2749 293 2787 aut
333 2761 382 2787 ex
422 2746 571 2788 eodem
611 2761 708 2788 cum
747 2746 824 2786 illo
864 2745 1075 2800 glossario
1114 2744 1233 2786 fonte
1267 2746 1512 2798 repetamus
1546 2743 1616 2799 (cf.
1651 2742 1961 2785 commentatio

218 2832 310 2858 mea
337 2817 386 2858 dc
413 2817 524 2859 libro
547 2817 790 2872 glossarum
819 2816 982 2869 scripta
1007 2827 1047 2870 p.
1069 2816 1123 2857 63
1153 2814 1277 2869 [273]
1288 2813 1410 2870 sqq).
1451 2813 1617 2855 Harum
1645 2813 1957 2855 sententiarum

219 2903 326 2942 quae
360 2888 502 2942 priore
535 2888 628 2929 loco
661 2887 806 2942 posita
838 2890 904 2928 est
937 2887 1043 2927 mihi
1077 2886 1259 2927 alteram
1284 2885 1594 2940 probabilitate
1623 2899 1824 2939 superare
1851 2884 1963 2926 vide-

220 2963 301 2999 tur.
366 2960 460 3008 Qua
492 2960 536 3000 111
570 2959 822 3013 quaestione
854 2972 906 2999 ne
947 2957 1042 3011 quis
1082 2959 1291 3011 opponat,
1324 2956 1437 3011 quod
1476 2955 1828 2997 DEVERLINGIVS
1868 2969 1964 2998 con-

220 3029 319 3070 iecit
353 3029 501 3070 Diurn.
535 3043 678 3083 gymn.
712 3030 856 3070 bavar.
889 3028 970 3069 vol.
1004 3026 1108 3068 XIV
1144 3042 1182 3081 p.
1210 3028 1296 3069 ‘285
1322 3041 1413 3081 sqq.
1454 3026 1525 3082 (cf.
1561 3026 1785 3067 HAGENVS
1819 3026 1869 3067 de
1900 3024 1964 3066 Pl.

220 3101 275 3153 gl.
297 3100 388 3140 inl.
410 3100 465 3155 gl.
488 3100 577 3141 cod.
599 3100 723 3141 Bern.
744 3115 783 3154 p.
810 3098 903 3154 11),
934 3113 1018 3140 non
1048 3112 1099 3139 cx
1125 3112 1222 3151 uno,
1257 3097 1327 3139 sed
1356 3112 1406 3138 cx
1433 3098 1600 3138 duobus
1633 3097 1757 3138 libris
1786 3096 1960 3137 fluxisse
