2221 3490
600 135 857 172 EXCERPTA
882 135 947 170 EX
973 134 1146 171 CODICE
1172 133 1422 169 VATICANO
1454 137 1540 169 1471

189 248 329 297 Quam
361 247 641 302 primumoito

189 319 304 368 Quin
337 319 568 374 quominus

188 389 422 445 Quippiam
449 388 513 447 (ip
540 405 588 433 ex
613 406 670 446 pp
698 388 807 445 ml)
843 390 988 444 aliquo

189 461 371 511 Quimus
403 477 636 517 possumus

153 548 168 571 5
191 533 372 583 Quefert
393 534 687 576 adulescentia
703 548 784 588 que
806 533 1051 574 adulescen-

250 621 317 647 ses
351 606 502 648 uolent
534 606 676 648 faeere

190 676 408 726 Quorsum
442 677 556 719 istuc
590 692 674 732 qua
707 678 887 732 propter
920 675 1026 717 dieis

191 748 305 798 Quid
338 749 453 790 istuc
486 762 619 803 quare

191 819 352 869 Quidni
386 834 497 874 quor
528 835 616 862 non
649 819 852 862 uidelicet

190 892 422 941 Querundo
457 891 722 947 adquirendo

137 980 168 1002 ιο
189 963 406 1014 Quorsum
441 979 682 1019 quouerum
715 967 862 1005 utrum

189 1036 500 1091 Quampridem
536 1052 666 1092 quam
700 1036 803 1078 olim

188 1107 429 1163 Quisquam
463 1108 621 1164 aliquis

188 1215 359 1258 Rumor
392 1216 541 1272 opinio
575 1216 726 1272 populi

194 1289 401 1332 Remores
434 1288 654 1344 inpediam

1863 132 1950 173 539

1087 244 1248 299 Reipsa
1283 259 1383 286 uere
1974 255 2004 278 15

1089 316 1300 359 Restitias
1335 316 1504 358 resistis

1093 388 1269 444 Redigis
1304 388 1529 443 compellis

1092 494 1195 538 Sine
1227 496 1368 551 patire
1401 496 1605 550 permitte

1092 566 1237 609 Satest
1276 567 1446 609 sufficio

1091 639 1167 682 Sin
1201 639 1374 681 sinuero
1409 639 1445 681 si
1479 642 1624 681 autem

1091 710 1268 753 Scilicet
1300 709 1504 752 uidelicet

1973 651 2007 674 ‘20

1091 781 1183 824 Sibi
1218 797 1372 837 passus
1407 797 1502 823 sum

1091 854 1203 896 Sane
1236 854 1364 909 plane

1089 925 1298 969 Soeordia
1330 926 1481 979 stultie

1092 997 1274 1053 Spretus
1309 997 1504 1039 abiectus
1973 1010 2006 1033 25

1092 1070 1202 1112 Sane
1236 1069 1362 1111 ualde

1093 1142 1259 1184 Saltem
1295 1141 1431 1182 ueloci

1093 1213 1242 1256 Sinam
1276 1213 1419 1268 patiar

1035 1358 1099 1399 ΠΙ

186 1445 397 1488 Peoiosus
438 1445 512 1500 qui
552 1445 691 1486 multa
724 1459 882 1499 peoora
913 1444 1047 1485 habet

186 1518 421 1560 Peoulatur
454 1516 528 1572 qui
559 1516 787 1571 pecuniam
825 1516 1046 1571 publicam

245 1591 438 1632 lucratus
472 1592 539 1632 est

186 1662 417 1705 Pediseous
458 1661 531 1716 qui
571 1649 939 1716 pedes'sequitur
978 1660 1048 1702 do-

247 1734 352 1776 mini
388 1734 454 1776 sui

186 1806 444 1863 Pedagogus
473 1806 547 1860 qui
575 1805 773 1860 sequitur
801 1806 1047 1847 studentem

246 1879 288 1920 id
322 1881 389 1920 est
420 1892 556 1934 papas

151 1964 165 1989 5
187 1951 353 1994 Penum
387 1948 610 1993 cellarium
649 1949 942 2004 pulmentaria
981 1949 1049 1991 uel

247 2022 481 2078 quodquod
514 2023 566 2064 ad
600 2021 765 2064 uictum
798 2021 990 2077 pertinet

188 2094 502 2137 Postulatieius
529 2094 692 2149 petitos
715 2093 783 2136 uel
813 2095 1048 2149 rogaturus

185 2167 365 2210 Prealus
399 2166 595 2209 modicus

185 2239 432 2282 Prostituta
466 2239 518 2280 ad
551 2253 654 2280 usos
686 2240 836 2294 turpes
870 2238 1015 2294 posita

188 2311 458 2367 Propatruus
490 2310 628 2352 frater
659 2310 813 2365 proaui

133 2382 517 2426 101'1·oauunculus
550 2381 687 2424 frater
718 2383 898 2438 proauie

187 2454 413 2498 Proamita
445 2468 570 2496 soror
601 2454 756 2509 proaui

186 2527 514 2569 Promatertera
546 2540 670 2568 soror
703 2527 880 2581 proauie

187 2599 411 2654 Pronepus
446 2598 562 2640 filius
595 2598 768 2653 nepotis

188 2671 332 2714 Puber
375 2670 498 2725 pueri
545 2672 718 2725 tempus
760 2671 965 2712 definitur
1006 2671 1049 2712 id

247 2745 315 2786 est
347 2756 484 2785 annos
517 2754 623 2783 XIIII

134 2827 167 2853 15
188 2815 404 2858 Pubertas
430 2817 605 2869 tempus
633 2813 755 2869 pueri
777 2829 862 2870 quo
889 2814 1051 2857 femina

247 2886 421 2929 misceri
453 2888 603 2941 potest

1087 1442 1240 1483 l'ublie
1280 1442 1401 1483 loeus
1446 1441 1517 1496 qui
1565 1442 1645 1482 sul»
1689 1442 1951 1498 genuculum

1147 1516 1212 1555 est
1247 1513 1289 1554 id
1323 1516 1390 1554 est
1427 1517 1542 1555 retro

1088 1661 1247 1717 Queuit
1282 1658 1427 1714 potuit

1090 1732 1202 1783 Quin
1238 1735 1385 1774 autem
1420 1734 1653 1786 utrumque
1687 1734 1832 1772 autem

1089 1806 1308 1855 Quorsum
1342 1818 1579 1858 Coeumque
1612 1804 1679 1845 uel
1709 1818 1794 1858 qua
1826 1806 1951 1858 parte

1090 1878 1287 1928 Quorsus
1316 1892 1400 1932 qua
1434 1875 1602 1917 ratione
1638 1875 1703 1917 uel
1733 1876 1951 1930 quomodo
1972 1886 2007 1910 20

1088 2022 1349 2064 Retribuam
1384 2020 1560 2062 reddam

1094 2093 1286 2149 [tepedat
1320 2092 1480 2148 repetit
1513 2092 1748 2134 reuertitur

1090 2165 1263 2209 Residis
1297 2164 1469 2220 requies
1504 2164 1647 2207 otiosa

1090 2238 1303 2281 Redibere
1338 2237 1513 2278 reddere

1088 2309 1316 2366 Repagula
1348 2323 1430 2363 quo
1463 2309 1516 2350 ad
1550 2308 1843 2364 inpedimenta
1880 2323 1950 2364 op·
1973 2319 2006 2343 25

1148 2384 1371 2437 ponuntur

1091 2526 1271 2569 Senium
1306 2526 1505 2567 senectus
1543 2527 1737 2566 extrema

1089 2597 1319 2640 Semistria
1343 2596 1457 2638 liber
1484 2596 1529 2637 in
1551 2611 1636 2651 quo
1665 2596 1850 2639 aetionis
1878 2611 1951 2637 sex

1149 2684 1378 2711 mensuum
1411 2667 1691 2710 eontinentur

1091 2741 1257 2797 Srupea
1290 2755 1395 2782 saxa
1427 2740 1555 2797 nigra
1587 2740 1657 2782 uel
1690 2740 1832 2782 elarea

1091 2813 1261 2869 Sieiput
1294 2812 1522 2854 dimidium
1555 2815 1685 2866 eaput
1972 2824 2007 2849 30

1091 2884 1302 2928 Simultas
1324 2884 1416 2926 litis
1439 2883 1611 2926 occulta
1631 2882 1699 2925 uel
1721 2882 1952 2925 inimicitia

283 3019 315 3051 2.
337 3019 369 3050 3.
396 3027 462 3051 om.
495 3017 507 3059 ss
539 3019 570 3051 5.
594 3019 624 3051 6.
653 3027 719 3051 om.
753 3018 764 3059 ΙΙ
798 3019 827 3051 7.
857 3016 954 3058 Quid
983 3017 1064 3051 stuc
1096 3017 1108 3061 ss
1140 3018 1269 3049 8—12.
1297 3025 1363 3048 om.
1396 3014 1408 3057 ΙΙ
1443 3017 1495 3048 14.
1524 3024 1589 3048 om.
1623 3015 1634 3058 Η
1667 3016 1817 3047 15-17,
1846 3023 1913 3048 om.
1941 3013 1952 3058 Ι,

190 3080 242 3111 19.
265 3088 331 3111 om.
353 3076 365 3120 ΙΙ
386 3080 441 3110 20.
470 3074 525 3110 sin
547 3077 558 3120 ΙΙ
578 3078 632 3110 21.
656 3088 721 3111 om.
743 3077 755 3120 ΙΙ
775 3079 830 3110 22.
859 3075 940 3111 Siui
963 3080 966 3119 Ι
991 3087 1073 3110 sum
1100 3087 1166 3111 om.
1188 3076 1199 3119 Η
1219 3078 1274 3108 23.
1300 3085 1366 3109 om.
1388 3074 1399 3118 Η
1420 3076 1475 3107 24.
1505 3071 1680 3107 Socordie
1704 3075 1708 3113 1
1732 3071 1920 3107 stultitiae
1939 3072 1951 3116 Η

187 3138 340 3171 25-28.
368 3147 453 3170 om.:
481 3140 610 3171 contra
636 3136 816 3171 accedunt
840 3137 922 3172 hae:
950 3135 1056 3171 Tulit
1081 3146 1215 3181 passus
1243 3134 1311 3178 est,
1332 3133 1561 3168 Veternosus
1587 3131 1780 3178 ytropieus
1808 3134 1819 3178 [Ι
