2175 3428
704 103 961 140 EXCERPTA
988 104 1053 139 EX
1078 104 1222 140 LIBRO
1250 104 1540 140 GLOSSARVM

243 214 380 270 Papia
411 214 613 271 uirgilius
647 214 784 257 solido
817 229 928 270 pape
955 215 1005 257 de
1033 229 1101 257 ro·

301 287 406 329 bore
438 287 580 329 uirtus

241 357 407 414 Papille
429 358 666 401 mammille
688 358 779 400 siue
800 357 951 413 kapita
969 373 1101 400 mam-

300 430 522 472 millarum

240 501 410 558 Papilio
461 501 554 544 auis
606 504 673 544 est
723 516 805 557 que
861 516 1098 558 numquam

300 574 461 617 crescis
472 572 506 631 1)

239 645 502 702 Papotentia
522 645 712 700 ebrietas
737 659 863 702 grece
885 647 1097 702 paponius

296 733 400 775 ergo
434 718 632 761 ebriosus

199 800 216 826 5
235 790 404 846 Papula
429 790 668 846 principale
690 790 804 846 quod
826 793 893 833 est
918 791 1097 846 populla

295 862 554 905 diminutiue

233 931 527 977 Paradionum
559 949 694 990 prope
728 935 924 977 balteum

233 1005 460 1063 Paragoge
500 1010 568 1049 est
607 1007 829 1062 apposicio
870 1007 923 1049 ad
964 1007 1096 1049 finem

292 1079 497 1122 dictionis
544 1079 690 1122 littere
729 1083 805 1122 aut
850 1079 1003 1121 sillabe
1045 1082 1095 1121 ut

290 1151 432 1207 magis
482 1167 563 1207 pro
615 1167 741 1208 mage
792 1154 842 1194 ut
891 1154 1093 1207 potestur

287 1238 367 1278 pro
399 1222 590 1281 potest2)
623 1224 735 1266 hanc
763 1223 837 1266 alii
867 1238 1091 1279 prospera-

288 1296 375 1338 lem
414 1295 496 1338 sim
535 1295 727 1351 apellant
766 1295 880 1338 sicut
919 1298 964 1337 et
1005 1295 1090 1337 uir-

290 1365 465 1424 giliusss)
515 1368 736 1410 bellantur
786 1367 922 1423 pigtis
974 1382 1091 1410 ama-

289 1455 415 1482 zones
461 1440 594 1482 armis
642 1455 721 1495 pro
767 1439 934 1482 bellant
979 1439 1092 1482 sicut

288 1514 408 1554 estus
440 1527 519 1567 pro
554 1509 664 1569 est4)
701 1509 842 1568 (Isid.)

227 1583 488 1640 Parapsides
523 1583 754 1626 suffusaria

227 1656 434 1712 Parapsis
468 1656 628 1713 gabata
659 1655 729 1698 uel
761 1658 922 1711 patena

175 1740 208 1766 ιο
228 1728 502 1785 parasangas
522 1743 646 1784 perse
662 1730 823 1770 uocant
838 1729 953 1784 quod
972 1728 1089 1785 greci

288 1801 429 1843 stadia
460 1816 540 1843 nos
574 1800 763 1843 miliaria
796 1800 1065 1856 appellamus

227 1872 510 1930 Parentilia5)
547 1873 638 1915 dies
671 1872 784 1915 festa
816 1887 1088 1929 paganorum

227 1945 468 1988 Parentilia
478 1943 511 2002 5)
545 1944 853 2000 propinquitas

226 2017 435 2060 Parentat
454 2016 622 2059 umbris
643 2017 709 2058 uel
731 2017 911 2059 tumulis
921 2015 956 2074 ⁶)
979 2032 1089 2059 mor-

287 2092 465 2132 tuorum
497 2088 748 2144 frequenter
786 2092 912 2144 paret
947 2089 990 2131 id
1023 2092 1090 2131 est

287 2161 544 2217 obsequitur
577 2151 653 2203 aut
685 2159 909 2203 ministrat

229 2234 509 2277 Parentilitas
540 2233 763 2290 parentele

175 2317 207 2344 15
228 2305 505 2348 Parenticida
538 2306 612 2361 qui
644 2308 871 2361 parentem
905 2305 1069 2348 occidit*

225 2377 501 2420 Parizomata
545 2378 693 2422 tunica
731 2393 783 2420 ex
826 2377 945 2419 foliis
990 2392 1086 2420 con-

286 2452 384 2491 suta
418 2449 492 2491 alii
524 2450 768 2492 lumbarem
801 2449 952 2492 dicunt

1914 106 1997 148 231

1140 214 1287 257 Parsit
1320 215 1454 258 soluit
1486 215 1678 271 exparsit

1139 286 1353 330 Parsurus
1387 287 1634 343 parciturus

1139 358 1353 401 Parsurus
1386 359 1682 415 ignosciturus
1715 358 1971 402 miserturus

1137 429 1515 473 Parturicionibus
1548 430 1759 473 feminum
1783 432 1998 487 partubus
2019 443 2053 469 20

1138 501 1438 545 Paruunculus
1471 503 1711 560 mauigium
1743 506 1999 559 pyratarum

1137 572 1275 616 Pasco
1307 589 1463 629 pascor
1496 590 1709 630 eonposco
1743 590 1981 631 conpescor

1138 645 1405 688 Pastoricias
1448 647 1617 689 casulas
1659 650 1887 702 pastorum
1930 662 1998 690 eu-

1197 718 1304 760 bilia

1137 789 1306 832 Pateris
1363 790 1476 832 fialis
1534 790 1726 846 antiquis
1778 791 1997 848 argenteis

1194 860 1397 917 uirgilius
1420 862 1592 917 qualem
1618 862 1782 917 pateris
1808 863 1996 905 libamus

1195 936 1239 975 et
1271 948 1375 976 auro

1134 1005 1352 1048 Patrissat
1383 1004 1566 1063 patrisff)
1601 1006 1757 1048 similis
1791 1006 1842 1048 fit
2017 1018 2049 1043 25

1133 1077 1352 1120 Patrissat
1383 1078 1523 1133 patris
1557 1077 1723 1120 similat

1132 1149 1351 1192 Patruelis
1385 1150 1501 1192 filius
1534 1149 1681 1205 patrui
1714 1152 1790 1192 aut
1823 1150 1914 1192 filia

1131 1222 1341 1264 Pauiatur
1374 1222 1584 1264 tundatur
1617 1238 1642 1264 a
1673 1222 1927 1277 pauimento

1130 1293 1411 1337 Pauitantem
1433 1293 1742 1336 formidantem
1764 1294 1993 1337 timentem

1131 1366 1340 1409 Pauitant
1373 1381 1530 1422 pauere
1565 1380 1609 1408 se
1644 1365 1854 1408 simulant

1130 1438 1269 1481 Pauni
1320 1438 1600 1495 egyptiorum
1651 1437 1802 1494 lingua
1852 1439 1992 1481 maius

1191 1511 1353 1553 mensis
1387 1510 1546 1553 dicitur
1580 1507 1723 1567 (Isid.)

1127 1581 1490 1639 Pauperiantur8)
1510 1597 1722 1638 pauperes
1742 1583 1991 1626 efficiuntur

1128 1654 1371 1712 Paupertas
1397 1655 1583 1697 honesta
1604 1670 1698 1696 esse
1724 1658 1873 1710 potest
1896 1670 1991 1712 ege-

1189 1730 1280 1770 stas
1313 1742 1417 1770 uero
1452 1727 1594 1782 turpis

1128 1799 1270 1842 Pecua
1286 1799 1382 1842 loca
1398 1814 1480 1854 que
1495 1799 1698 1854 pecuaria
1713 1799 1990 1855 appellantur

1127 1871 1268 1914 Pecua
1302 1873 1499 1913 armenta

1128 1943 1271 1986 Pecua
1303 1957 1434 1999 pecus
1467 1942 1630 1984 femina

1128 2014 1338 2057 Pecuaria
1369 2029 1528 2070 pecora

1128 2086 1363 2129 Pecuarius
1397 2087 1687 2129 armentarius

1127 2158 1340 2201 Pedatum
1374 2174 1590 2201 carcerem

1127 2230 1262 2274 Pedes
1302 2231 1504 2274 dicuntur
1537 2231 1620 2274 duo
1660 2232 1767 2272 fines
1806 2230 1986 2273 nauium
2006 2247 2041 2272 40

1186 2303 1260 2359 qui
1306 2306 1523 2346 extremos
1561 2303 1757 2346 uelorum
1803 2304 1986 2360 angulos

1184 2378 1335 2418 tenent
1559 2374 1563 2379 ’

1124 2448 1368 2503 Pedisequa
1380 2448 1539 2490 ancilla
1552 2447 1717 2490 famula
1728 2463 1855 2490 serua
1865 2446 1985 2505 (Cic.)

2013 1379 2048 1403 30

2010 1884 2044 1911 35

324 2581 357 2624 1)
386 2591 407 2615 ο
434 2580 520 2616 add.
546 2591 591 2615 m.
607 2584 631 2615 2
653 2580 665 2625 ΙΙ
684 2581 720 2624 2)
748 2580 783 2614 st
808 2581 850 2615 in
874 2591 947 2616 ras.
974 2591 1020 2615 m.
1037 2583 1057 2614 1
1077 2581 1089 2625 ΙΙ
1110 2581 1146 2625 3)
1175 2578 1246 2613 sim
1263 2600 1304 2604 ——
1321 2578 1496 2625 uirgilius
1522 2579 1643 2625 suppl.
1669 2582 1755 2615 υι.2
1782 2579 1824 2613 in
1850 2579 1986 2614 lacuna

228 2641 353 2676 relicta
374 2642 386 2686 ΙΙ
406 2640 442 2686 4)
467 2650 534 2686 pro
551 2661 593 2665 —
610 2640 668 2674 est
692 2640 811 2685 suppl.
840 2651 884 2675 m.
899 2643 924 2676 2
951 2641 993 2675 in
1019 2640 1156 2675 lacuna
1174 2641 1186 2684 fl
1207 2640 1243 2684 5)
1264 2640 1382 2685 prior.
1410 2638 1423 2673 i
1448 2640 1491 2674 in
1517 2650 1540 2674 a
1564 2651 1609 2674 m.
1626 2641 1651 2674 2
1677 2650 1768 2674 corr.
1789 2639 1801 2683 ΙΙ
1822 2639 1857 2683 6)
1884 2637 1916 2672 is
1942 2649 1986 2673 ex

228 2712 269 2734 us
296 2701 382 2744 fact.
416 2701 427 2744 ΙΙ
461 2701 496 2745 7)
522 2712 538 2735 s
565 2711 591 2736 s.
617 2711 683 2735 scr.
711 2703 791 2735 m.1
824 2700 836 2744 11
868 2701 905 2745 8)
931 2699 944 2734 i
970 2711 1051 2746 exp.
1077 2711 1121 2735 m.
1138 2703 1163 2736 2
1195 2701 1207 2744 ΙΙ

324 2811 355 2842 2.
383 2807 637 2842 mamillarum
660 2808 665 2853 Ι
687 2806 772 2842 isid.
799 2808 876 2843 cod.
896 2809 908 2853 ΙΙ
929 2813 960 2843 3.
988 2807 1123 2844 crescit
1148 2819 1194 2844 ex
1219 2806 1353 2843 crescis
1380 2818 1472 2843 corr.
1493 2807 1504 2852 ΙΙ
1525 2809 1555 2841 5.
1584 2807 1642 2841 est
1667 2805 1809 2851 papula
1827 2807 1839 2850 ll
1860 2809 1890 2840 7.
1919 2816 1982 2851 ap-

227 2866 365 2913 positio
388 2869 393 2912 1
415 2866 608 2913 promagis
631 2872 635 2910 Ι
657 2867 872 2912 potest-{rtur
893 2869 898 2911 1
921 2868 1113 2914 appellate
1139 2880 1184 2904 m.
1200 2871 1234 2912 1,
1262 2866 1459 2912 appellant
1483 2878 1528 2902 m.
1544 2869 1566 2902 4
1589 2869 1593 2910 Ι
1617 2877 1682 2911 pro
1708 2864 1871 2912 bellant]
1898 2877 1983 2911 pro-

226 2927 372 2962 babant
391 2928 402 2972 ΙΙ
430 2931 484 2962 10.
512 2927 751 2972 Parasangus
771 2927 783 2971 ΙΙ
804 2930 859 2963 11.
885 2927 1104 2964 Parentalia
1129 2929 1140 2973 ΙΙ
1168 2931 1222 2963 12.
1249 2925 1468 2962 Parentalia
1487 2927 1499 2971 ΙΙ
1528 2929 1582 2961 14.
1608 2924 1818 2960 Parentilia
1842 2926 1885 2960 in
1909 2937 1981 2961 ras.

226 2999 272 3023 m.
297 2999 366 3035 ree.
393 2989 405 3032 ΙΙ
430 2991 486 3022 20.
513 2985 833 3022 Parturitionibus
858 2989 870 3031 ΙΙ
895 2991 950 3024 21.
977 2987 1188 3034 piratarum
1214 2998 1258 3023 ex
1282 2987 1503 3032 pyratarum
1529 2996 1620 3022 corr.
1646 2987 1658 3031 ΙΙ
1685 2988 1740 3021 32.
1767 2984 1982 3031 Pauperan-

226 3047 289 3082 tur
319 3049 331 3093 11
364 3050 418 3082 34.
445 3035 661 3092 apellantur
685 3047 697 3091 u
727 3050 783 3082 35.
809 3046 954 3082 Peecua
978 3049 990 3094 ΙΙ
1017 3052 1070 3084 36.
1098 3047 1223 3083 Pecua
1249 3058 1314 3083 om.
1342 3048 1354 3092 Η
1380 3049 1435 3082 39.
1463 3045 1650 3080 Padatum
1669 3046 1680 3090 ΙΙ
1707 3048 1763 3080 40.
1791 3045 1945 3091 angelos
1971 3044 1982 3092 s}

228 3109 284 3142 41.
310 3106 613 3154 Pedissequa-ex
637 3105 849 3152 Pedisequa
874 3119 965 3144 corr.
985 3109 998 3153 ΙΙ
