2221 3490
917 127 1132 163 GLOSSAE
1159 125 1414 164 SCALIGERI

287 233 617 277 Pestinuncium
651 236 725 291 qui
759 239 930 291 pestem
967 237 1148 279 nunciat

286 305 569 362 Pipiunculus
604 308 810 363 accipiter
843 311 1047 363 acceptor

286 377 433 434 Pipuli
466 380 660 422 conuitio
697 379 858 435 plorati

286 449 500 492 Pisseima
532 452 733 506 speculor

248 533 265 557 5
286 521 472 564 Porrum
505 523 659 565 basum

283 593 470 636 Postilio
503 595 744 650 postulatio

282 665 518 709 Postumus
551 667 734 708 ultimus
767 666 1032 708 nouissimus

282 737 567 780 Pransorium
598 738 939 793 promulsarium

283 808 430 851 Prima
473 812 602 865 porta
647 809 837 863 primum
885 809 1030 851 locum
1075 808 1144 850 uel

342 881 489 937 grecia
521 881 699 936 exposio

229 961 263 986 10
282 951 431 994 Prima
463 956 581 995 terra
612 953 740 995 litore

280 1023 494 1066 Proculus
528 1024 603 1080 qui
634 1028 759 1080 patre
791 1025 920 1082 longe
952 1025 1143 1081 peregri-

340 1099 473 1138 nante
500 1097 698 1139 nascitur
718 1097 789 1139 uel
816 1097 945 1154 longe
967 1113 992 1139 a
1017 1100 1141 1152 patre

339 1171 468 1210 natus

281 1238 437 1281 Puteal
471 1242 593 1283 sedes
626 1242 840 1297 praetoris

277 1310 435 1354 Placor
467 1312 766 1368 tranquillitas
801 1347 809 1355 .
832 1348 839 1355 .
862 1349 869 1356 .

278 1382 448 1440 Pigella
481 1388 658 1441 artopta
691 1400 828 1442 genus
861 1386 979 1427 uasis

225 1463 259 1490 15
278 1454 454 1499 Pandex
487 1458 562 1513 qui
595 1473 765 1513 semper
796 1458 949 1513 pandit
977 1473 1053 1500 ora
1086 1459 1139 1500 ad

339 1529 582 1584 potandum

278 1599 508 1644 Prodactis
542 1602 813 1657 consumptis

275 1672 479 1716 Profecta
513 1678 615 1716 sunt
647 1676 963 1729 promouerunt

274 1743 515 1788 Proficiens
550 1746 825 1801 antepositus
857 1749 1090 1801 prouectus

274 1816 485 1860 Pronefas
524 1818 757 1873 plusquam
796 1833 875 1860 nec
909 1818 1137 1861 dicendum

334 1890 404 1931 uel
439 1905 570 1944 quam
602 1890 821 1932 inlicitum

223 1969 256 1994 2⁰
277 1959 497 2016 Propedat
530 1962 712 2017 impedit
745 1962 921 2004 cohibet

273 2031 505 2088 Proposcit
537 2035 650 2089 petit

272 2103 474 2147 Protelat
505 2105 650 2147 differt
684 2105 920 2161 prolongat

271 2175 518 2219 Proxeneta
564 2179 688 2232 quasi
733 2178 849 2220 inter
894 2181 1134 2233 emptorem

333 2252 377 2291 et
409 2248 685 2292 uenditorem
719 2251 788 2292 uel
821 2250 1102 2292 anteambulo

271 2318 458 2376 Prurigo
492 2322 694 2377 scalpitio

219 2401 252 2427 25
273 2390 525 2435 Prurientes
559 2393 820 2448 scalpientes

271 2463 549 2507 Puluinceria
583 2480 706 2507 areae
740 2468 1014 2508 mortuorum

269 2534 462 2578 Puticuli
491 2551 576 2592 quo
604 2533 816 2580 cadauera
842 2537 1132 2592 proiiciuntur

270 2606 521 2650 Pastorium
562 2609 727 2651 aluium
766 2609 924 2664 tempti
965 2610 1035 2652 uel
1069 2625 1132 2652 sa-

331 2679 494 2722 furium

269 2750 510 2795 Pabulator
553 2756 679 2808 pater
718 2753 792 2808 qui
830 2754 1011 2808 praebet
1055 2769 1132 2810 pa—

328 2824 432 2866 bula

216 2907 250 2932 30
270 2895 414 2938 Pansa
446 2897 521 2952 qui
555 2897 752 2940 ambulat
784 2897 966 2953 pedibus
999 2898 1045 2940 in
1071 2898 1130 2940 di-

330 2984 458 3011 uersa
489 2970 769 3012 tendentibus

268 3039 414 3097 Pagus
448 3041 682 3098 collegium
715 3042 858 3085 curiae

269 3112 528 3168 Paganitius
562 3116 612 3156 ut
644 3114 841 3157 occultus

1959 130 2042 172 607

1185 237 1316 293 Pagit
1337 241 1413 280 aut
1439 238 1588 294 palum
1614 239 1713 295 figit
1734 241 1809 281 aut
1830 239 2042 282 citharam

1244 310 1390 365 tangit

1184 379 1310 421 Pilax
1341 381 1581 437 murilegus
1615 385 1737 425 catus

1182 449 1371 493 Petitius
1405 453 1478 507 qui
1510 453 1760 508 frequenter
1791 455 1904 510 petit
2063 468 2097 493 35

1181 521 1391 565 Pilliones
1423 524 1662 578 portitores
1696 529 1970 569 mortuorum

1180 593 1380 636 Particus
1407 596 1659 651 negotiator
1681 598 1754 651 qui
1775 601 1921 652 partes
1942 613 2042 640 uen-

1241 666 1306 707 dit
1351 667 1426 721 qui
1475 666 1656 710 institor
1707 672 1750 710 et
1802 683 2041 724 agomanus

1242 737 1402 780 dicitur
1435 754 1484 781 eo
1519 740 1634 794 quod
1666 740 1710 781 in
1743 740 1917 782 diuersa
1957 756 2043 782 ma-

1241 825 1322 851 nus
1358 814 1461 866 agat

1181 879 1393 922 Phaculla
1412 896 1546 936 perna
1561 886 1714 937 petaso
1728 884 2041 939 petasunculus

1181 951 1384 994 Palteum
1418 969 1590 996 murum
1623 956 1692 996 uel
1724 955 1954 1011 fastigium

1180 1022 1394 1066 Plaustrit
1427 1026 1542 1080 quod
1574 1027 1773 1081 plaustro
1807 1029 1935 1068 sonat

1180 1094 1349 1152 Pagula
1381 1097 1505 1139 frena

1180 1167 1382 1211 Particus
1414 1169 1668 1226 negotiator

1180 1239 1370 1282 Pencina
1401 1241 1561 1283 lacinia
1592 1242 1662 1283 uel
1695 1242 1809 1284 stola

2062 1042 2097 1065 40

1178 1311 1421 1368 Peripsima
1453 1314 1595 1356 media
1627 1314 1779 1369 planta
1810 1315 1932 1369 pedis

1178 1383 1347 1427 Pileum
1383 1386 1679 1428 calamaucum

1178 1455 1404 1512 Pinnirapi
1468 1461 1707 1500 sectatores
1771 1458 2038 1514 gladiatores

1239 1530 1353 1584 quod
1385 1529 1541 1584 pinnas
1575 1530 1753 1586 rapiunt

1176 1600 1456 1656 Phylacteria
1489 1603 1682 1645 carmina

1175 1672 1484 1729 Primiuirgius
1518 1676 1779 1717 caballarius
1808 1676 1923 1731 quod
1954 1676 2039 1731 pri-

1235 1761 1332 1787 mus
1367 1749 1433 1788 est
1465 1746 1647 1789 militiae
1681 1748 1726 1789 111
1758 1747 1953 1804 uirgines

1176 1818 1488 1860 Postulatitius
1520 1819 1593 1861 ille
1628 1820 1703 1875 qui
1735 1820 1932 1875 postulat

1174 1889 1486 1946 Proculprocul
1518 1892 1648 1947 longe
1681 1892 1857 1947 longius

1174 1961 1429 2018 Poneprope
1463 1963 1586 2004 iuxta
1618 1966 1662 2005 et
1693 1967 1874 2018 propter

1174 2033 1413 2077 Pronostra
1446 2038 1701 2077 antenostra

1175 2106 1427 2162 Promptria
1459 2106 1621 2149 cubilia

1173 2177 1463 2235 Propagando
1499 2179 1758 2234 protelando

1174 2250 1362 2306 Propala
1395 2252 1618 2294 uendenda
1651 2267 1898 2307 proponens

1173 2323 1445 2378 Propudorio
1480 2324 1723 2365 contressio

1170 2394 1407 2437 Proculum
1440 2395 1709 2437 abominatio

1170 2467 1386 2522 Propolae
1418 2468 1656 2509 tabernarii

1170 2538 1439 2594 Procapibus
1472 2539 1684 2594 proximis

1169 2610 1378 2666 Procapis
1410 2611 1635 2667 proximus
2053 2623 2086 2648 60

1170 2682 1452 2724 Praelubium
1484 2683 1666 2739 pelagus

1170 2754 1387 2810 Palpones
1421 2755 1495 2810 qui
1528 2755 1691 2796 ducunt
1724 2769 1874 2797 caecos

2058 1400 2093 1424 45

2057 1904 2092 1928 50

2051 2264 2087 2288 55

1171 2826 1371 2869 Pilumen
1399 2827 1605 2882 quicquid
1638 2827 1685 2868 in
1714 2827 1804 2881 pila
1830 2826 2030 2869 tunditur

1169 2898 1448 2941 Paximatum
1480 2899 1606 2954 panis
1640 2898 1950 2940 subcineritius
1990 2896 1994 2900 ’

1167 2970 1398 3013 Ρ3111103113
1431 2970 1696 3013 uictoriosus
2049 2981 2083 3008 65

1166 3042 1405 3085 Pamaeum
1436 3042 1572 3084 uestis
1606 3042 1840 3097 pastoralis

1166 3114 1412 3170 Pantapola
1445 3114 1763 3170 simplasiarius
