2221 3490
282 176 367 219 598

280 285 502 340 Expartoa
533 283 685 338 patula
718 277 830 337 adua

282 355 565 412 Ergastulum
604 368 749 396 carcer
786 353 856 395 uel
895 353 1016 395 locus
1058 351 1134 393 ubi

342 426 536 468 damnati
592 439 810 466 marmora
867 426 1015 466 secant
1064 421 1134 464 uel

342 497 505 552 aliquid
555 499 788 551 operantur
839 496 952 550 quod
1002 494 1135 536 latine

342 570 556 611 talentum
583 568 742 610 dicitur
768 567 846 608 sub
874 567 1048 621 priuata
1068 580 1136 607 cu-

343 641 484 683 stodia
516 639 591 681 ubi
624 654 711 680 non
743 641 844 679 sunt
877 638 1079 679 tenebrae

283 714 478 768 Exparta
510 710 640 766 partu
672 724 810 752 uacua

282 785 423 839 Ergat
456 783 590 824 circat

249 867 264 892 5
283 855 479 898 Excauet
511 854 742 908 praecauet

285 927 380 969 Eda
410 927 616 967 basterna

286 997 506 1040 Emacitas
540 994 708 1037 emendi
742 993 926 1035 auiditas

285 1070 487 1112 Exfretat
518 1066 699 1122 nauigat

287 1142 480 1183 Edentat
512 1139 662 1180 dentes
696 1136 885 1178 excludit

236 1224 269 1249 10
288 1212 527 1255 Eximietas
562 1207 808 1250 sublimitas

287 1281 575 1325 Eminiscitur
606 1280 651 1320 in
689 1278 943 1320 memoriam
975 1278 1143 1320 reducit

288 1354 426 1396 Enica
458 1352 652 1394 adultera
684 1349 863 1392 moecha

288 1426 465 1468 Ecitum
500 1422 740 1478 periculum

290 1497 464 1552 Egones
499 1495 743 1536 sacerdotes
776 1492 1039 1535 rusticorum

239 1579 270 1606 15
291 1566 587 1624 Egrotatitius
598 1566 672 1621 qui
682 1565 931 1620 frequenter
943 1566 1145 1620 aegrotat

290 1639 459 1695 Elegiis
493 1636 746 1680 criminibus
778 1636 847 1677 ue]
881 1635 1144 1678 carminibus

353 1710 478 1752 malis

292 1782 509 1825 Exodium
530 1779 673 1823 cantio
699 1779 746 1821 in
771 1778 957 1821 theatris
981 1778 1146 1820 ludicra

354 1856 397 1895 et
430 1852 621 1895 scurrilis

295 1923 519 1967 Extremis
553 1926 771 1965 extremus

295 1996 424 2039 Eubo
458 1996 552 2037 oleo

244 2080 277 2105 20
297 2068 497 2122 Equotus
530 2066 623 2108 uita
655 2065 853 2120 priuatus

297 2139 423 2181 Eruli
455 2138 619 2179 domini

298 2209 567 2264 Epulatitius
602 2209 675 2263 qui
702 2208 841 2263 epulis
875 2207 949 2249 dat
976 2221 1152 2261 operam

298 2282 469 2337 Erugat
500 2281 678 2336 planum
709 2279 815 2321 facit

300 2353 527 2395 Euiscerat
560 2351 800 2393 excomedit

248 2435 281 2460 25
301 2425 532 2479 Expuncta
563 2423 695 2464 fibras
728 2424 954 2476 pectorum

301 2495 500 2537 Excilare
534 2508 631 2536 cum
662 2507 795 2534 uxore
828 2506 920 2534 esse
950 2491 998 2533 in
1029 2491 1156 2533 liber-

361 2568 453 2607 tate

302 2637 538 2680 Ementum
570 2635 834 2691 excogitatio

304 2709 472 2751 Econes
506 2707 751 2749 sacerdotes
785 2706 938 2748 rustici

305 2779 470 2821 Effatui
502 2778 725 2832 uaniloqui
758 2778 849 2819 sine
883 2778 1038 2820 effectu

253 2862 286 2886 30
305 2851 510 2906 Elogium
555 2852 723 2891 textum
769 2849 982 2891 malorum
1027 2848 1159 2891 dicto-

367 2935 463 2962 rum
496 2921 609 2975 quod
641 2921 857 2962 notoriam
891 2920 1040 2962 dicunt

308 2992 541 3045 Ereptoria
573 2991 799 3033 adimenda
830 2991 1043 3034 reddenda

312 3063 448 3105 Error
479 3063 733 3105 uaticinatio

312 3135 594 3177 Excastratus
628 3134 863 3177 excoliatus

913 170 1124 208 GLOSSAE
1151 170 1404 207 SCALIGERI

1171 279 1447 335 Expilatores
1463 278 1627 321 alienae
1641 279 1924 322 haereditatis
1936 294 2024 322 sur-

1232 353 1426 406 reptores

1172 422 1419 477 Extispices
1453 422 1672 476 aruspices

1173 493 1517 548 Exsumptuauit
1548 492 1805 548 pauperauit

1174 565 1417 619 Emanceps
1455 564 1644 606 famulus
1678 580 1702 606 a
1735 563 1946 606 seruitute
1978 563 2026 605 li-

1233 637 1411 678 beratus

2045 431 2080 457 35

1175 707 1509 750 Exundantibus
1541 706 1838 762 repluentibus

1175 778 1379 820 Exundat
1411 778 1579 832 repluet

1177 849 1315 892 Enica
1347 849 1544 891 adultera

1176 920 1339 977 Egeria
1370 920 1500 962 noxia

1178 992 1361 1048 Egestio
1393 1005 1552 1033 nocens

1179 1064 1346 1119 Ecloga
1377 1077 1477 1118 pars
1511 1062 1714 1104 carminis

1179 1135 1409 1176 Emedium
1441 1133 1685 1176 uehiculum

1180 1204 1444 1247 Emissarius
1476 1219 1706 1259 percussor

1180 1276 1369 1332 Enigma
1402 1276 1775 1330 obscuriloquium

1180 1347 1304 1389 Escit
1336 1348 1478 1389 lentus

1181 1420 1308 1462 Etica
1340 1419 1582 1474 proprietas

1183 1491 1343 1533 Eticon
1373 1491 1598 1546 proprium

1182 1562 1414 1617 Eximequi
1446 1564 1707 1617 proxenetae

1182 1633 1399 1675 Exodium
1432 1633 1672 1676 exodiarios

2048 860 2083 884 40

2051 1214 2086 1240 45

2055 1571 2090 1597 50

1183 1704 1371 1746 Exornis
1407 1705 1610 1747 immanis

1184 1776 1463 1819 Extracautis
1496 1777 1602 1819 foris
1634 1791 1784 1819 uersos

1186 1847 1447 1904 Exceptoria
1479 1847 1668 1891 cisterna

1186 1920 1550 1963 Exdorsuandum
1584 1919 1861 1962 iudicandum

1187 1992 1372 2034 Exenim
1403 1991 1528 2033 ualde

1187 2063 1459 2119 Egestuosus
1491 2062 1712 2104 mendicus

1188 2134 1394 2190 Elogium
1431 2133 1624 2175 narratio
1662 2132 1931 2175 numerantis
1969 2132 2040 2173 uel

1226 2205 1353 2249 ‚ordo
1386 2205 1615 2247 criminum

1189 2276 1395 2332 Elogium
1440 2290 1695 2330 responsum
1745 2274 1920 2329 aliquod
1965 2274 2041 2316 ubi

1250 2347 1362 2389 ratio
1395 2346 1590 2388 redditur
1621 2348 1830 2401 tanquam
1857 2346 1894 2387 si
1926 2345 2042 2387 dicat

1252 2418 1408 2472 aliquis
1460 2418 1510 2459 de
1562 2431 1690 2472 quoq3
1747 2416 2042 2459 exhaeredabo

1253 2503 1350 2530 eum
1382 2489 1546 2543 quare?
1579 2487 1680 2544 quia
1711 2488 1818 2530 mihi
1850 2487 2042 2530 insolens

1251 2559 1336 2601 fuit

1193 2631 1427 2673 Ementum
1459 2630 1724 2686 excogitatio

1193 2702 1459 2745 Emissarius
1493 2701 1796 2758 sanguinarius

1194 2773 1432 2816 Enormate
1483 2773 1551 2816 cui
1601 2773 1699 2814 addi
1749 2771 1891 2814 minus
1935 2770 2046 2813 nihil

1254 2847 1402 2900 potest

1195 2916 1425 2971 Epimenia
1469 2915 1588 2957 senia
1627 2929 1736 2970 quae
1774 2914 1932 2956 dantur
1970 2927 2048 2968 per

1257 2987 1451 3043 singulos
1484 3001 1651 3028 menses

1196 3059 1379 3101 Erranei
1411 3060 1604 3100 errantes

1198 3130 1366 3185 Exapla
1398 3129 1593 3183 exempla

2057 1927 2093 1954 55

2062 2639 2097 2666 60

2066 3134 2100 3161 65
