2216 3402
621 99 856 135 PLACIDVS
881 99 1135 135 LIBRORVM
1161 98 1480 135 ROMANORVM

178 209 287 253 Cum
300 224 368 252 me
384 210 444 252 sic
456 210 681 252 dicebatur
695 212 738 251 et
753 224 850 251 cum
864 212 907 250 te
921 210 1035 264 quod

235 297 350 324 nunc
377 281 619 337 elegantius
647 281 829 323 dicimus
856 283 1010 321 tecum.

179 351 418 395 Cicindelas
445 367 727 394 acraneorum
759 365 894 407 genus
922 351 1037 406 quod

236 425 389 466 uolans
421 424 549 466 lucet.

179 494 413 550 Comptula
445 498 544 550 apte
579 497 733 536 ornata
769 494 839 536 uel
871 494 1037 536 decora.

179 565 369 609 Cancros
403 567 614 609 calcellos.

142 649 159 675 5
178 637 416 680 Commodo
427 640 600 679 tantum
610 637 723 692 quod
733 652 831 679 cum
841 636 1039 678 maxime.

178 707 329 751 Carisa
369 711 496 751 uetus
534 709 635 750 lana
671 708 890 763 percalida
927 708 1039 749 unde

238 783 282 823 et
313 780 446 822 immo
485 780 663 823 fallaces
702 780 882 822 ancillae
924 782 1040 821 cata-

238 852 394 895 carisia
426 852 771 907 appellabantur.

179 922 442 966 Concinatus
475 923 628 966 factus.

180 993 492 1038 Concenturiat
530 995 711 1037 instruit
750 994 923 1036 ordinat
956 993 1039 1034 dic-

238 1071 333 1110 tum
366 1083 391 1109 a
417 1067 743 1110 centurionibus
772 1066 845 1121 qui
877 1065 1040 1106 milites

241 1138 456 1181 ordinant.

182 1210 420 1266 Computet
452 1214 607 1253 ueneat
639 1210 881 1266 diligenter.

126 1295 160 1320 10
181 1280 447 1337 Conspicillo
481 1282 544 1324 ita
570 1285 619 1324 ut
647 1281 838 1336 conspici
870 1280 1040 1336 possint

242 1353 345 1408 quid
378 1356 514 1409 agunt
546 1353 690 1409 longis
722 1353 861 1394 lineis.

181 1424 374 1467 Conibus
408 1425 788 1467 creuronitatibus.

181 1496 421 1540 Centurum
453 1499 718 1538 centaurum.

182 1568 510 1611 Consectariam
535 1568 827 1623 pernicialem.

183 1638 433 1682 Cantilenas
465 1639 638 1682 fraudes
672 1640 893 1695 dolosque.

129 1724 163 1750 15
183 1711 448 1754 Consultans
483 1711 695 1767 cogitans.

184 1782 338 1825 Culere
373 1797 504 1837 quare
537 1783 648 1824 unde
682 1783 815 1825 etiam
848 1797 934 1824 cur.

185 1853 416 1896 Cracentes
451 1854 628 1896 craciles
661 1855 847 1896 tabidos.

186 1925 524 1968 Controuersam
563 1927 734 1968 ruinam
767 1926 858 1968 sine
897 1940 1045 1982 pugna

244 2013 343 2040 cum
389 2000 464 2039 aut
510 2001 743 2049 occurrunt
792 1997 942 2039 hostes
989 1997 1043 2038 ob

244 2072 410 2111 metum
442 2072 517 2111 aut
556 2070 808 2111 absentibus
847 2069 1044 2110 infertur.

186 2139 521 2184 Coniectauerat
578 2143 824 2183 correxerat
879 2143 1046 2182 contor-

246 2216 373 2255 serat.

133 2301 167 2325 20
188 2283 437 2327 Crastinam
481 2285 659 2326 dilatam
703 2300 728 2325 a
766 2284 957 2326 crastino
1003 2283 1047 2324 id

247 2359 314 2399 est
344 2359 508 2411 postea.

188 2418 378 2470 Caelitus
419 2443 443 2469 a
482 2427 598 2469 caelo
639 2427 855 2482 quomodo
895 2426 1048 2468 diuini-

248 2502 319 2541 tus
352 2500 445 2541 deo.

1880 98 1932 138 15

1075 208 1344 251 Clataculum
1378 207 1610 250 clodorum.

1075 279 1270 322 Callibus
1304 279 1566 322 calcalorum
1598 277 1831 333 primigeni
1864 293 1933 332 ap-

1134 350 1382 404 pellatione.

1075 421 1321 464 Conticinio
1341 424 1536 477 tempore
1555 421 1699 463 noctis
1713 423 1814 475 post
1828 420 1934 476 galli

1136 495 1310 534 cantum
1331 494 1445 548 quod
1466 493 1622 535 cecinit
1643 495 1686 534 et
1710 491 1932 534 conticuit.

1077 563 1236 606 Cassae
1270 579 1484 607 erumnae.
1954 576 1987 602 ‘25

1079 634 1253 677 Ciarum
1286 635 1521 678 doctarum.

1079 705 1305 749 Curriculo
1339 722 1467 748 cursu
1499 707 1650 749 ueloci.

1079 778 1384 821 Crassabundo
1418 779 1638 819 titubanti.

1079 849 1279 892 Calorem
1304 849 1435 891 facies
1463 850 1612 891 rubori
1632 849 1715 890 erit
1740 850 1810 891 uel
1838 850 1935 891 exit.

1078 920 1363 977 Caperassere
1396 921 1671 977 inrugassere
1704 921 1913 962 contrahi.
1954 935 1988 959 30

1078 991 1310 1048 Conspicio
1343 991 1481 1034 uideo.

1078 1064 1208 1107 Clade
1242 1065 1354 1112 clam
1384 1064 1454 1105 uel
1488 1065 1667 1106 occulte.

1078 1135 1306 1178 Continari
1339 1135 1538 1178 concredi
1576 1136 1645 1177 uel
1680 1137 1794 1178 coire
1826 1137 1937 1178 unde

1138 1207 1407 1249 continentia
1440 1210 1482 1249 et
1522 1208 1728 1250 continua
1760 1211 1803 1250 et
1842 1223 1939 1250 con-

1138 1279 1296 1320 iuncta.

1080 1348 1260 1392 Gasnari
1295 1351 1387 1392 seni
1420 1365 1621 1393 oscorum
1650 1351 1812 1407 lingua.

1080 1420 1323 1476 Corporato
1356 1422 1595 1464 uulnerato.
1960 1436 1993 1461 35

1082 1492 1296 1535 Catialem
1342 1494 1497 1536 collem
1542 1494 1617 1535 ubi
1656 1486 1776 1536 bunc
1820 1495 1939 1536 lacus

1140 1565 1337 1607 funditur
1364 1569 1431 1607 est
1465 1566 1606 1607 dictus
1635 1580 1659 1606 a
1686 1566 1799 1607 catio
1833 1567 1939 1608 loco.

1082 1635 1241 1678 Catillo
1264 1637 1460 1693 gullosus
1477 1652 1501 1678 a
1516 1636 1662 1679 catelli
1679 1638 1939 1692 appetentia.

1083 1707 1245 1750 Conset
1276 1708 1504 1763 parabitur
1537 1709 1754 1751 condetur.

1083 1777 1269 1834 Crepero
1313 1780 1445 1822 dubio
1490 1781 1656 1822 incerto
1701 1780 1812 1822 unde
1856 1796 1940 1822 cre-

1141 1852 1382 1906 pusculum.

1084 1921 1314 1965 Carinator
1345 1924 1602 1966 maledictus
1636 1923 1873 1966 conuictor.
1960 1938 1994 1962 40

1085 1993 1240 2050 Capuli
1260 1995 1362 2037 lecti
1382 1995 1549 2037 funerei
1569 1995 1639 2037 uel
1660 1995 1757 2051 rogi
1783 1996 1829 2036 in
1854 2011 1943 2037 mo-

1144 2065 1260 2108 dum'
1279 2082 1377 2109 arae
1405 2066 1578 2109 structi:
1611 2070 1679 2109 est
1706 2070 1851 2109 autem
1878 2082 1942 2109 ca-

1143 2139 1271 2194 pulus
1304 2139 1533 2181 masculini
1566 2139 1748 2195 generis.

1087 2209 1415 2253 Conducibilem
1447 2211 1577 2253 utiles
1610 2210 1791 2252 inferon.

1087 2281 1297 2324 Consulta
1330 2283 1511 2325 consilia
1542 2282 1716 2337 placita.

1087 2352 1264 2396 Cluram
1283 2354 1354 2396 uel
1381 2354 1555 2410 glurum
1576 2354 1659 2395 sim
1683 2352 1790 2394 alias
1812 2353 1942 2395 circo-

1145 2426 1331 2468 fitecum.

1087 2495 1310 2539 Cassiculo
1345 2498 1527 2539 reticulo
1561 2498 1768 2540 cassibus.
1963 2509 1997 2533 45

285 2668 316 2700 2.
345 2675 609 2699 sacraneorum
634 2665 675 2699 in
700 2674 922 2698 araneorum
946 2675 1038 2700 corr.
1060 2664 1123 2700 bc²
1150 2665 1161 2709 ΙΙ
1190 2666 1223 2699 4.
1251 2663 1437 2698 cancellos
1464 2675 1554 2699 coo-r.
1580 2664 1615 2699 ο2
1634 2665 1645 2709 ΙΙ
1666 2667 1696 2698 6.
1723 2674 1790 2708 pro
1818 2661 1943 2696 calida

188 2735 278 2760 corr.
306 2736 325 2759 c
347 2728 351 2767 Ι
380 2724 404 2759 f.
432 2723 472 2758 in
497 2723 609 2758 mimo
637 2725 675 2759 12²
698 2727 702 2768 Ι
731 2723 871 2758 salaces
898 2736 922 2758 α
947 2728 980 2759 et
1005 2728 1088 2758 ame
1114 2735 1205 2759 corr.
1233 2735 1251 2759 c
1277 2725 1288 2768 {l
1314 2727 1346 2759 9.
1373 2725 1510 2758 ueneat
1537 2736 1557 2758 a
1584 2724 1595 2767 Η
1623 2727 1677 2758 11.
1705 2722 1863 2756 Combus
1890 2734 1908 2757 c
1933 2722 1945 2768 NJ

190 2786 245 2817 18.
274 2782 352 2817 siue
371 2794 538 2829 pugnam
557 2784 577 2819 b
596 2785 608 2828 ΙΙ
628 2787 683 2818 21.
712 2782 816 2817 caelo
837 2795 881 2818 ea:
907 2783 1032 2818 caelus
1056 2795 1079 2818 a
1103 2786 1107 2825 ζ
1130 2782 1384 2828 appellatione
1406 2783 1490 2818 add.
1507 2795 1548 2817 a:
1573 2783 1617 2826 cf.
1634 2785 1683 2817 23
1704 2783 1715 2826 ΙΙ
1735 2785 1789 2816 23.
1817 2781 1944 2827 primi-

189 2842 276 2888 gcni
307 2842 562 2888 appellatione
589 2855 656 2878 om.
683 2855 750 2879 ac:
777 2843 822 2887 cf.
848 2846 894 2878 21
933 2845 945 2887 ΙΙ
983 2846 1038 2877 24.
1066 2844 1152 2888 post
1177 2841 1287 2888 galli]
1313 2842 1457 2888 gallum
1483 2853 1506 2876 a
1534 2844 1545 2886 [Ι
1583 2844 1638 2876 26,
1667 2841 1860 2875 doctorum
1885 2853 1909 2875 a
1944 2853 1945 2856 ¹

190 2906 245 2937 29.
278 2901 340 2936 uel
373 2901 450 2936 exit
487 2903 602 2937 (πεῖθον.
631 2902 696 2938 bc2
738 2904 750 2947 ΙΙ
794 2906 848 2938 30.
884 2902 1086 2948 Caperasre
1126 2906 1209 2937 mete
1247 2913 1338 2937 corr.
1366 2914 1398 2937 α.
1441 2900 1644 2946 Caperasse
1677 2905 1761 2936 ante
1799 2913 1889 2937 corr.
1916 2913 1944 2937 e.

192 2961 375 3007 Caperare
403 2962 422 2996 b
457 2966 462 3002 1
497 2961 665 3007 irugasse
694 2967 778 2997 cmte
804 2973 895 2998 corr.
911 2973 939 2998 c.
975 2961 1015 2996 in
1048 2972 1294 3006 rugagassere
1321 2973 1354 2996 α.
1380 2960 1556 3006 inrugare
1583 2962 1602 2996 b
1637 2961 1642 3006 l
1677 2971 1746 2995 con
1768 2991 1774 2996 .
1798 2990 1804 2996 .
1827 2990 1833 2996 .

1858 2962 1945 3006 .c{1

192 3025 247 3056 33.
276 3020 497 3055 Continnari
522 3025 606 3056 cmte
639 3033 728 3058 corr.
757 3034 780 3058 a
817 3024 829 3067 ΙΙ
867 3025 922 3057 36.
950 3021 974 3057 f.
1001 3020 1161 3056 fund-ani
1187 3020 1224 3055 b2'
1249 3022 1290 3055 in
1315 3031 1428 3065 υκαι-9.
1454 3021 1466 3064 ΙΙ
1495 3022 1549 3055 37.
1577 3020 1730 3065 gulosus
1757 3032 1846 3056 corr.
1874 3020 1910 3056 οἳ
1934 3021 1946 3067 1!

191 3084 246 3115 42.
275 3092 464 3126 συμφερον
492 3080 530 3115 112
555 3081 596 3115 in
621 3093 734 3127 marg).
766 3083 778 3127 ΙΙ
811 3084 866 3116 44.
895 3080 1146 3115 cireofitecum
1172 3092 1204 3115 α.
1239 3079 1335 3113 circo
1359 3107 1485 3114 .....
1513 3091 1531 3115 c
1559 3080 1646 3125 1145.
1673 3092 1739 3115 om.
1767 3093 1789 3114 a.
1807 3081 1820 3125 ΙΙ
