2221 3490
737 158 990 194 EXCERPTA
1018 158 1081 192 EX
1109 158 1300 193 GLOSSIS
1328 157 1357 192 A
1380 157 1409 190 A

208 268 410 311 Flaccida
430 269 603 323 putrida
623 268 763 310 farina
781 268 850 310 uel
872 268 1062 327 marcida

207 340 404 395 Flagello
438 340 706 395 copidermos

207 412 447 468 Flagitiata
479 412 689 453 scelerata

207 483 423 539 Flagitias
457 484 621 525 taurias

171 566 186 590 5
208 554 395 610 Fragrat
427 569 504 609 per
536 554 573 596 R
606 555 727 595 ardet

206 623 465 681 Flagrantes
498 626 687 667 nitentes

206 697 464 752 Fraglantes
497 712 574 751 per
611 697 650 738 R
683 697 958 751 splendentes
997 712 1060 738 ar-

265 769 412 810 dentes
445 768 566 810 uenit
600 783 624 809 a
655 768 833 809 fremitu
866 768 980 823 ignis

204 839 385 895 Flagrat
410 854 487 894 per
518 840 532 880 1
559 839 725 881 redolet
753 839 873 880 uenit
901 855 925 880 a
952 840 1059 881 flatu

204 910 390 966 Flagitie
424 911 630 966 spurcitie

152 994 184 1019 10
204 982 426 1024 Flammeo
459 983 571 1024 irato

204 1054 470 1096 Flammicus
503 1055 623 1097 locus
657 1055 701 1096 in
736 1056 843 1097 urbe

204 1125 427 1167 Flamedia
461 1127 658 1168 sacerdos
692 1127 804 1168 iouis

205 1198 429 1239 Flammea
460 1198 693 1253 uirginitas

203 1269 405 1311 Flabium
439 1270 620 1311 rubeum

151 1351 183 1376 15
203 1341 365 1383 Flauus
398 1341 519 1383 rufus
553 1343 710 1384 rubeus

204 1413 382 1455 Flauius
416 1416 627 1468 tyrannus

205 1484 445 1527 Flauellum
477 1485 773 1540 uenticapium

203 1556 384 1599 Fleuma
417 1556 583 1599 defusio
618 1557 842 1613 sanguinis

203 1628 431 1685 Flegmam
462 1628 669 1683 pituitam

152 1716 186 1741 20
206 1701 434 1743 Flosculos
466 1700 546 1742 flos
579 1700 707 1742 fiores
741 1703 879 1754 etates

206 1772 540 1827 Floccipendere
574 1772 722 1814 acuius
756 1773 967 1814 momenti
1001 1774 1061 1814 iu-

264 1845 406 1886 dicare

205 1917 238 1958 F
243 1916 414 1958 loralim
448 1931 473 1957 a
504 1915 685 1957 floribus

160 2013 164 2018 ·
205 1988 396 2030 Floralia
427 1990 624 2042 tempora
656 1987 812 2029 florum

206 2059 407 2102 Floscida
438 2059 670 2100 florulenta
702 2059 881 2101 floribus
914 2060 1042 2114 plena

150 2144 183 2170 25
204 2131 517 2186 Floccipendeo
548 2146 637 2172 non
669 2130 775 2172 satis
809 2146 912 2173 curo

202 2202 527 2245 Floccifecerim
559 2217 647 2244 non
679 2202 992 2244 contemnerim

204 2275 361 2317 Fluum
393 2275 574 2317 robeum

202 2345 402 2400 Fluentie
435 2346 697 2388 abundantie
730 2346 981 2388 ubertatum

204 2417 409 2459 Fluidum
442 2432 639 2460 cruorem

150 2503 185 2528 30
204 2488 543 2544 Floccipendens
586 2491 903 2546 paruipendens
946 2491 1060 2532 idest

262 2576 447 2616 paruum

203 2632 409 2675 Focarias
441 2648 574 2675 uxore
607 2634 796 2676 militum

204 2704 237 2746 F
241 2719 346 2746 ucos
377 2705 571 2761 hospitia
601 2706 820 2748 uestibula

203 2775 377 2818 Folium
409 2777 572 2819 flabum
603 2778 786 2820 rubeum

204 2846 425 2889 Foliatum
458 2852 685 2891 curuatum

150 2932 185 2958 35
205 2917 350 2960 Forua
379 2919 507 2975 nigra

1871 156 1955 196 457

1102 268 1205 309 Fori
1250 267 1388 308 medie
1432 269 1577 321 partes
1621 265 1800 307 nauium
1845 265 1956 307 idest

1161 339 1312 380 sedilia
1342 341 1574 380 nautarum

1101 411 1313 452 Forenses
1348 410 1420 464 qui
1459 410 1504 451 in
1542 409 1637 451 foro
1673 411 1774 450 sunt
1813 408 1855 450 id
1889 411 1955 450 est

1161 481 1309 523 deforo
1343 481 1485 523 inforo

1099 553 1281 594 Forsam
1314 553 1426 594 forte
1459 553 1646 594 fortasse
1681 566 1756 593 seu
1788 552 1917 593 molle

1098 623 1290 666 Floccim
1305 624 1536 665 fortuitum
1551 624 1663 665 idest
1679 623 1954 665 subitaneum

1160 711 1262 737 casu

1099 767 1380 808 Formidosus
1423 767 1731 808 formidolosus
1775 766 1953 808 timidus
1973 778 2008 803 -10

1157 839 1341 894 pauidus

1097 910 1252 952 Fomes
1286 910 1427 952 astula
1462 909 1628 951 minuta

1098 982 1305 1024 Formum
1339 981 1524 1023 calidum

1096 1054 1298 1096 Fornices
1333 1052 1722 1095 contaminationes

1097 1126 1264 1167 Fordea
1297 1125 1437 1167 omnis
1469 1125 1606 1166 herba

1098 1197 1300 1252 Forcipes
1321 1198 1371 1239 de
1394 1197 1550 1252 quibus
1575 1195 1779 1238 inciditur
1800 1210 1951 1236 aurum
1971 1207 2006 1232 45

1158 1272 1233 1310 aut
1267 1270 1380 1324 quod
1419 1269 1526 1310 libet
1560 1268 1676 1309 aliud
1709 1267 1799 1308 eius
1837 1266 1952 1307 modi

1100 1342 1289 1396 Forceps
1322 1341 1444 1383 ulcus
1478 1342 1553 1382 aut
1586 1354 1738 1381 cancer

1102 1413 1291 1455 Forfices
1319 1413 1368 1454 de
1397 1412 1554 1468 quibus
1581 1410 1720 1453 filium
1748 1409 1953 1452 inciditur

1098 1485 1303 1541 Forpiees
1338 1486 1388 1526 de
1416 1485 1572 1539 quibus
1600 1482 1747 1538 capilli
1774 1497 1849 1523 seu
1874 1481 1952 1536 pili

1158 1557 1406 1599 inciduntur

1099 1628 1222 1671 Folia
1254 1628 1430 1683 daphini
1463 1627 1569 1669 folia
1601 1626 1712 1668 lauri

1098 1701 1242 1756 Fraga
1292 1715 1427 1756 genus
1476 1699 1596 1754 pomi
1643 1699 1756 1740 idest
1801 1697 1952 1739 chame
1973 1708 2007 1733 50

1161 1772 1262 1813 mila

1100 1844 1230 1886 Freta
1262 1847 1447 1900 angusta
1479 1843 1617 1885 maria
1648 1843 1779 1898 ydata

1100 1915 1322 1957 Fritillum
1354 1917 1529 1971 pirgum
1561 1915 1708 1956 tabule

1099 1988 1277 2030 Friuola
1309 2003 1414 2030 uasa
1446 1987 1598 2029 fictilia
1630 1986 1844 2028 diminuta

1098 2060 1323 2102 Friuolum
1365 2059 1553 2101 debilem
1595 2056 1835 2099 inualidum
1878 2072 1953 2098 seu

1156 2133 1328 2174 inanem
1364 2146 1548 2187 paruum

1096 2204 1314 2246 Frodatur
1345 2203 1642 2258 philloscopos

1098 2276 1288 2318 Friuolis
1321 2274 1523 2317 inualidis

1099 2348 1321 2390 Friuolam
1355 2346 1568 2388 modicam

1099 2419 1235 2475 Frugi
1269 2419 1462 2461 modeste
1495 2420 1738 2472 temperate

1098 2492 1233 2547 Frugi
1266 2491 1385 2546 parci
1418 2492 1493 2531 aut
1526 2490 1646 2531 auari

1972 2212 2007 2239 55

1097 2563 1456 2605 Frumentatione
1490 2576 1587 2604 esca
1973 2574 2006 2598 50

1096 2635 1280 2677 Frustra
1336 2634 1537 2676 frustella
1591 2633 1661 2675 uel
1715 2632 1951 2688 particulas

1158 2707 1349 2749 modicas

1097 2779 1238 2821 Fucos
1260 2778 1521 2820 uermiculos
1549 2778 1660 2819 unde
1681 2791 1826 2818 uerme
1848 2775 1953 2818 tinc-

1157 2853 1251 2892 tum

1098 2922 1313 2964 Fucatum
1346 2921 1532 2964 tinctum
1566 2921 1809 2963 coloratum

302 3088 356 3121 14.
383 3085 543 3120 Flauum
569 3087 618 3121 ab
638 3088 649 3131 ΙΙ
676 3090 730 3121 19.
758 3086 914 3132 Flegma
938 3086 1078 3132 pituita
1104 3099 1125 3122 α
1146 3089 1156 3131 ΙΙ
1177 3086 1233 3122 26.
1265 3086 1548 3131 contempserim
1576 3099 1599 3122 α
1618 3089 1629 3133 ΙΙ
1650 3091 1705 3121 30.
1733 3085 1952 3121 existimans

205 3146 290 3181 add.
319 3158 341 3181 α
360 3147 372 3191 {l
392 3149 447 3182 31.
475 3157 607 3181 uxores
634 3148 654 3182 b
674 3148 685 3191 ΙΙ
705 3150 760 3182 38.
787 3146 887 3182 nolle
914 3149 963 3183 ab
984 3149 994 3193 ΙΙ
1015 3150 1070 3182 55.

1097 3146 1307 3181 Frondator
1332 3147 1351 3182 b
1389 3148 1401 3191 ll
