2221 3490
692 134 948 170 EXCERPTA
974 133 1039 168 EX
1064 133 1257 168 GLOSSIS
1285 132 1507 167 AYNARDI

222 244 411 286 Erebule
446 242 533 300 (uel
560 243 575 285 1
602 258 690 298 sup.
716 242 812 300 scr.)
846 246 913 285 est
947 244 1081 286 stulte

283 315 372 371 (uel
398 316 412 357 i
442 330 531 370 sup.
556 313 652 372 sor.)

223 387 529 433 Emuctorium
544 390 611 429 est
632 387 742 428 unde
764 387 941 428 candela
962 402 1082 428 mun—

285 460 413 501 datur
444 459 545 501 hinc
579 473 765 514 emungo

223 530 363 572 Exlex
396 533 463 572 est
496 533 619 572 extra
655 530 798 585 legem

224 601 541 656 Epitalamium
575 604 641 642 est
678 615 851 643 carmen
889 601 1084 655 nuptiale

191 688 206 713 5
227 673 421 715 Elimino
456 677 522 715 est
555 676 676 715 extra
709 673 840 713 limen
873 672 1034 727 proitio

226 745 457 800 Elugubro
485 748 551 786 est
584 744 782 785 illumino
815 743 884 785 uel
917 758 1084 797 expono

286 815 749 871 hinlugubratiuncula
798 817 865 856 est
917 814 1084 869 exposi-

287 887 482 929 tiuncula
514 887 583 928 uel
616 886 880 927 illuminatio

227 959 352 1001 Elisa
383 961 449 1001 est
479 974 578 1001 caro
612 959 658 1000 in
685 973 797 1013 aqua
831 960 955 999 cocta
986 957 1086 999 hinc

289 1031 401 1073 elixo
435 1045 609 1073 carnem
641 1030 686 1072 in
719 1045 831 1085 aqua
864 1044 1002 1084 coquo

228 1102 425 1144 Effutilis
459 1105 525 1144 est
558 1102 632 1157 qui
664 1101 773 1143 nihil
810 1100 970 1143 retinet

229 1175 397 1216 Eruum
431 1177 498 1217 est
532 1189 613 1229 que
646 1177 829 1216 uocatur
861 1172 1077 1214 trifolium

175 1259 207 1283 10
227 1246 367 1288 Edilis
389 1249 454 1287 est
475 1246 646 1287 edituus
668 1245 769 1287 hinc
793 1245 968 1286 edilitas
993 1243 1089 1299 ipsa

288 1318 479 1374 dignitas

228 1389 579 1444 Excolopandria
611 1392 678 1430 est
710 1389 862 1444 lingua
895 1386 1011 1429 cerui

227 1461 467 1503 Extentero
502 1464 567 1502 est
600 1460 746 1515 aperio

228 1532 451 1574 Erunculo
485 1535 552 1574 est
584 1532 731 1574 lodera

229 1604 411 1659 Epibati
431 1607 533 1646 sunt
555 1604 629 1659 qui
648 1602 923 1659 nauigaturis
945 1616 1089 1656 super-

289 1676 471 1718 ueniunt
499 1679 541 1718 et
569 1676 669 1717 dato
702 1676 844 1730 pretio
874 1689 918 1716 36
950 1677 1088 1715 trans-

290 1748 457 1803 portari
490 1747 669 1803 cupiunt

178 1831 211 1857 15
231 1819 489 1861 Ellinismus
529 1822 596 1861 est
642 1834 784 1861 sermo
825 1832 978 1873 grecus
1020 1817 1090 1858 uel

292 1905 422 1947 greca
453 1891 722 1933 constructio

230 1962 589 2018 Epicaustorium
629 1962 788 2004 dicitur
830 1961 1091 2003 eminentior

291 2035 412 2077 locus
445 2035 491 2076 in
524 2035 693 2089 edificio
721 2035 773 2075 ad
807 2033 1090 2088 spectandum

292 2107 361 2148 uel
395 2106 603 2148 solarium
634 2106 827 2161 puellare

232 2179 404 2233 Explen
436 2178 629 2233 explenis
662 2178 876 2233 palatium

232 2250 509 2292 Embrimum
554 2252 621 2292 est
660 2253 801 2291 matta
840 2264 892 2291 ex
936 2263 1090 2305 grosso

293 2323 446 2378 papiro
480 2322 671 2364 tenuiter
702 2322 925 2377 pectinata

233 2394 403 2449 Exapla
436 2396 502 2436 est
540 2394 779 2436 biblioteca
811 2408 886 2435 sex
920 2393 1092 2435 ordines

294 2467 459 2508 habens
479 2481 579 2507 nam
602 2481 679 2507 exa
700 2478 748 2507 VI
772 2466 874 2520 quia
894 2465 1093 2520 origenes

295 2551 343 2579 VI
383 2537 607 2579 ordinibus
650 2538 841 2580 diuersas
885 2537 1096 2592 interpre-

296 2613 389 2651 tum
412 2609 622 2651 editiones
643 2610 689 2650 in
708 2624 794 2650 una
814 2610 975 2665 pagina
997 2623 1093 2651 con-

297 2681 444 2724 stituit

181 2764 218 2788 20
238 2753 432 2795 Echinus
466 2755 532 2794 est
564 2752 735 2794 hirsuta
766 2753 919 2794 domus
959 2756 1094 2795 casta-

297 2839 478 2866 neorum

238 2895 407 2938 Enteca
434 2898 501 2937 est
526 2896 709 2951 pecunia
735 2896 1000 2938 commertiis
1027 2897 1095 2938 de·

300 2967 463 3010 stinata

239 3038 470 3081 Emissarii
492 3042 592 3080 sunt
608 3040 878 3093 apparitores
900 3041 953 3082 ab
977 3041 1098 3082 emit-

301 3110 442 3152 tendis
476 3111 633 3166 gladiis
667 3111 772 3153 dicti

1891 132 1977 173 619

1119 242 1411 299 Fagolidorus
1445 246 1511 284 est
1547 242 1810 284 manducans
1850 242 1978 282 male-

1180 316 1296 357 dicta
1328 315 1399 357 uel
1432 329 1512 369 que
1551 329 1638 355 non
1671 314 1822 354 decent
1862 309 1900 368 (t
1932 326 1981 354 ex

1182 403 1200 428 3
1232 385 1354 443 corr.)

1121 458 1390 500 Flamineum
1426 460 1492 499 est
1526 456 1717 498 orarium
1750 470 1949 498 croceum

1121 530 1286 571 Fuluus
1321 531 1386 570 est
1424 528 1539 570 inter
1575 528 1751 584 nigrum
1784 531 1827 569 et
1865 526 1979 568 rubi·
2001 536 2035 562 25

1183 600 1371 643 cundum

1123 672 1286 714 Flauus
1315 672 1429 713 inter
1454 670 1743 713 rubicundum
1770 672 1813 711 et
1835 669 1981 710 album

1123 742 1372 785 Famidicus
1407 743 1479 797 qui
1513 745 1631 784 certa
1665 742 1768 783 dicit

1124 815 1287 870 Fraglo
1310 817 1376 856 est
1396 814 1523 855 nideo
1544 814 1614 855 uel
1632 813 1807 855 odorem
1828 812 1982 853 emitto

1125 886 1286 942 Flagro
1320 888 1387 927 est
1420 885 1548 926 ardeo

1125 958 1366 999 Flaminica
1399 958 1466 998 est
1498 955 1715 997 frandiola
2004 967 2038 990 ευ

1126 1029 1298 1071 Falulia
1331 1032 1397 1070 est
1428 1031 1719 1083 purgamenta
1751 1027 1848 1081 fabe

1126 1101 1311 1143 Farcino
1347 1103 1412 1142 est
1446 1100 1580 1142 stulte
1613 1099 1742 1141 laudo

1127 1173 1356 1215 Fribolum
1372 1175 1438 1214 est
1452 1172 1669 1213 incassum
1686 1171 1756 1213 uel
1771 1171 1985 1213 frustrum

1128 1245 1247 1286 Farii
1273 1245 1343 1286 uel
1370 1242 1505 1299 psillii
1533 1246 1634 1285 sunt
1661 1243 1789 1284 amici
1818 1258 1987 1297 serpen-

1189 1317 1299 1357 tium
1326 1316 1441 1356 inter
1462 1329 1534 1357 eos
1561 1312 1811 1357 habitantes
1833 1317 1876 1356 et
1900 1329 1988 1355 non

1188 1390 1400 1431 nocentur
1433 1387 1486 1428 ab
1521 1387 1581 1428 eis

1127 1460 1406 1516 Frigdarium
1451 1461 1518 1500 est
1562 1458 1747 1513 piscium
1801 1460 2041 1512 recepta-35

1188 1531 1334 1574 culum

1128 1603 1252 1646 Fallo
1284 1602 1352 1645 nis
1385 1602 1706 1644 mercennarius

1129 1675 1390 1731 Frigutoror
1423 1678 1489 1716 est
1522 1674 1691 1716 insanio

1129 1747 1268 1789 Farus
1285 1749 1350 1788 est
1371 1747 1509 1788 altum
1526 1745 1742 1787 edificium
1763 1745 1832 1786 uel
1852 1744 1987 1786 turris

1188 1819 1257 1861 uel
1285 1818 1427 1861 facula
1447 1817 1517 1859 uel
1539 1817 1830 1872 speculatoria
1857 1832 1989 1871 supra

1190 1905 1307 1932 mare
1340 1890 1416 1932 ubi
1448 1892 1603 1944 portus
1637 1892 1703 1930 est

1129 1962 1387 2004 Fabrateria
1419 1965 1486 2003 est
1524 1961 1690 2003 fabrica
1723 1975 1807 2015 qua
1840 1961 1990 2002 sedent

1190 2034 1305 2075 fabri
1338 2034 1406 2075 uel
1440 2036 1617 2075 ornatus
1652 2047 1863 2088 equorum

1130 2107 1290 2148 Ferum
1323 2105 1494 2160 antiqui
1527 2104 1742 2147 caballum
2007 2116 2042 2140 40

1129 2178 1293 2220 Fornix
1308 2181 1374 2220 est
1395 2192 1520 2219 arcus
1537 2191 1621 2231 quo
1642 2176 1824 2230 historie
1840 2175 1988 2230 pinge-

1190 2251 1350 2292 bantur
1381 2249 1450 2291 uel
1484 2249 1529 2290 in
1569 2248 1825 2290 memoriam
1859 2247 1990 2289 etiam

1190 2321 1375 2376 uictorie
1408 2321 1543 2363 fiebat

1131 2394 1392 2450 Flegetonta
1424 2396 1491 2441 est
1523 2392 1661 2434 motio
1699 2392 1871 2444 flamme

1132 2466 1287 2508 Fertor
1318 2465 1388 2507 uel
1420 2465 1545 2520 parix
1577 2467 1644 2506 est
1675 2466 1800 2519 pater

1134 2538 1319 2580 Funalia
1351 2540 1452 2579 sunt
1485 2537 1597 2578 cerei

1132 2610 1381 2665 Freganum
1420 2612 1487 2650 est
1526 2607 1689 2649 arundo
1730 2607 1773 2647 in
1816 2605 1928 2647 libro
1971 2604 2045 2645 145

1192 2680 1311 2722 beati
1343 2680 1491 2722 effrem

1137 2822 1284 2868 Grafio
1322 2824 1390 2865 nis
1431 2823 1500 2864 uel
1540 2821 1782 2864 causidicus
1816 2822 1883 2861 est
1923 2819 1992 2860 ad-

1194 2898 1375 2938 uocatus

1138 2968 1266 3010 Greci
1304 2967 1470 3008 habent
1507 2963 1910 3021 pronuntiationem
1948 2963 1993 3004 in

1195 3039 1343 3094 palato
1381 3038 1532 3080 hebrei
1564 3037 1609 3078 in
1648 3040 1827 3092 gutture
1866 3036 1990 3078 latini

1197 3111 1240 3151 in
1273 3108 1401 3151 labiis
