2221 3490
659 130 918 165 EXCERPTA
942 129 1008 164 EX
1034 128 1206 165 CODIOE
1232 127 1481 164 VATICANO
1511 132 1602 163 1468

243 241 468 285 *ΡϊίεΐῑὶΠει
500 242 653 284 furnus
685 256 847 297 paruus

244 315 481 372 Priuignus
503 317 602 357 ante
623 316 753 356 natus
780 314 894 355 idest
918 312 1105 354 filiaster

244 387 432 430 Procare
464 402 554 429 non
586 389 653 428 est
684 400 862 442 poscere

244 458 495 502 Procastria
527 458 697 501 edificia
730 460 830 500 ante
864 459 1009 499 castra

208 531 411 575 5Procax
463 531 538 587 qui
581 533 684 585 post
734 532 922 571 mortem
965 526 1105 583 patris

303 604 500 646 nascitur
555 656 559 659 μ

244 675 443 718 Prociter
474 674 685 717 uelociter
719 672 918 715 celeriter

244 747 419 789 Prociet
455 750 585 789 uocat

243 818 432 862 Procula
464 819 593 874 epula
624 820 726 874 post
753 831 903 859 cenam
927 815 1012 857 hoc
1039 817 1106 857 est

303 892 452 948 epulas
505 905 635 946 super
682 904 878 931 mensam
926 886 1027 944 (hoc
1053 912 1101 916 —

304 978 500 1006 mensam
531 960 647 1019 wast)

243 1034 505 1078 *Procastor
532 1037 766 1077 uentrosus

193 1123 226 1148 ιο
245 1107 525 1150 Proeliantur
554 1122 579 1148 a
606 1106 782 1162 regibus
817 1104 1106 1147 excluduntur

245 1179 379 1222 Profa
409 1179 571 1222 festina

244 1251 429 1294 Profieri
462 1251 658 1307 profiteri

244 1323 489 1366 Profiuuies
521 1322 787 1365 naturalium
822 1322 929 1363 fines

246 1396 482 1452 Progenies
526 1398 726 1438 tortuose
771 1394 852 1435 filii
895 1392 1020 1448 praui
1063 1395 1106 1433 et

305 1468 443 1510 amari
463 1466 527 1525 (et
551 1467 689 1509 amari
717 1468 762 1509 in
788 1479 869 1508 ras.
897 1466 951 1508 al.
973 1462 1104 1520 mem.)

192 1553 226 1580 15
245 1539 556 1596 Progenitores
590 1539 660 1580 aui
694 1538 763 1580 uel
796 1537 949 1593 proaui

243 1611 508 1654 Prolanatur
541 1611 743 1668 aregione
777 1610 1022 1652 excluditur

242 1683 509 1726 Prolatanda
542 1683 778 1725 differenda
811 1682 1034 1724 dilatanda

242 1755 424 1798 Promet
456 1755 676 1812 germinat

243 1827 586 1870 Promeruerunt
619 1827 957 1869 ambulauerunt

189 1913 226 1940 20
245 1900 464 1942 Promitat
496 1902 707 1956 prouocat
738 1899 886 1941 irritat

245 1972 554 2028 *Promptulus
586 1975 767 2027 paratus
800 1970 1028 2026 expeditus

244 2044 524 2087 Promurium
546 2044 660 2100 quod
683 2044 797 2086 circa
812 2043 859 2099 sss
873 2057 1021 2085 muros
1041 2045 1108 2084 est

245 2116 416 2159 Promit
442 2116 693 2171 prodimisit
714 2116 914 2158 daturam
937 2130 981 2157 se
1003 2114 1109 2156 dicit

244 2187 539 2231 Promerenda
571 2189 625 2231 ad
658 2188 918 2230 laudandam

190 2272 224 2299 25
243 2259 511 2303 Promuntus
539 2261 701 2316 scapha
728 2275 810 2316 que
837 2274 995 2302 nauem
1022 2274 1109 2301 ma-

304 2333 442 2375 iorem
475 2333 660 2389 remigio
694 2333 815 2375 ducit

244 2403 571 2448 Promocondus
615 2405 809 2447 lubricus
852 2403 1106 2445 inobediens

306 2477 518 2532 superbus
539 2478 706 2519 rixator
723 2476 916 2519 tumidus
938 2475 1105 2530 modice

305 2548 405 2591 fidei
420 2549 490 2591 uel
507 2549 757 2591 cellararius
778 2546 866 2605 (uel.
882 2548 977 2590 cell.
990 2562 1043 2589 m.
1057 2545 1107 2604 2)

245 2621 447 2677 Propetit
479 2621 667 2676 protulit
699 2619 905 2676 produxit

244 2692 487 2750 Propinqui
532 2693 606 2749 qui
651 2708 676 2735 a
719 2692 881 2734 femina
925 2690 1107 2734 ueniunt

307 2765 620 2822 consanguinei
653 2765 857 2807 dicuntur

245 2836 475 2893 Propiauit
506 2837 772 2892 proximauit

193 2921 228 2946 30
248 2910 457 2965 Proprior
489 2908 791 2952 delectauilior

246 2980 586 3037 Propudiorium
624 2980 872 3036 pudendum
908 2979 1106 3022 confusio

308 3053 420 3104 (add.
451 3067 504 3095 m.
525 3050 576 3109 2)

246 3124 558 3180 >i‘Propularius
590 3123 843 3180 negotiator

1916 127 1999 168 511

1142 239 1347 296 Proripes
1401 241 1501 281 ante
1552 240 1669 280 rates
1720 235 1861 294 (rates
1900 251 1952 278 m.
1973 239 2004 278 2

1204 313 1249 354 in
1281 311 1383 368 ras.)

1143 384 1339 427 Proritat
1371 385 1584 439 prouocat
1615 382 1764 430 irritat

1143 456 1350 512 Prorigat
1381 454 1538 512 irrigat
2023 460 2057 487 35

1143 528 1356 570 *Prosum
1389 527 1558 583 antiqui
1591 527 1793 569 dicebant
1824 526 2004 581 produc-

1203 603 1298 642 tum
1331 603 1374 641 et
1409 599 1600 641 solutum

1143 671 1425 714 Proscenium
1488 671 1637 724 tabule
1700 670 1775 711 ubi
1834 668 2003 711 nummi

1206 741 1348 800 (numi
1380 746 1474 785 ante
1505 740 1629 798 corr.)
1662 744 1853 798 aguntur

1143 815 1422 857 Proscultare
1455 814 1680 869 explorare

1142 886 1401 942 Prosubigit
1433 885 1544 928 fodit

1143 959 1336 1001 Prosicie
1370 960 1470 1000 exta
1502 960 1704 1013 prosecta

1143 1030 1408 1087 Prosignum
1439 1033 1592 1072 natum
1624 1029 1788 1071 factum

1142 1102 1510 1145 Prostribulatrix
1550 1102 1756 1144 meretrix
1789 1115 1871 1156 que
1909 1115 2006 1155 prc-

1206 1177 1372 1217 stratur

1145 1246 1392 1289 Protinium
1423 1247 1646 1288 theatrum

1146 1319 1399 1361 Protestum
1432 1318 1678 1374 figuraliter
1709 1318 1780 1359 uel
1814 1333 1959 1360 scema

2025 967 2060 991 40

1145 1392 1360 1434 Prouersa
1391 1405 1578 1447 propera
1610 1390 1796 1432 festinus
1829 1390 1921 1432 redi
2025 1398 2060 1423 45

1145 1463 1380 1520 Psialegici
1413 1463 1663 1505 lumborum
1697 1462 1868 1504 dolores

1143 1535 1351 1578 Pubescit
1378 1536 1429 1577 ad
1456 1535 1700 1591 nuptialem
1733 1534 1893 1576 transit
1921 1536 2007 1589 eta-

1205 1612 1294 1650 tem

1144 1679 1316 1727 ²³?Pubes
1349 1679 1602 1736 lanuginem

1144 1752 1365 1794 Pubentes
1399 1753 1532 1794 herbe
1565 1752 1771 1794 florentes

1145 1824 1423 1867 Pudicundus
1455 1823 1725 1866 uerecundus
2027 1831 2061 1856 50

1147 1897 1361 1938 Puellaris
1396 1897 1539 1939 cultus
1573 1895 1728 1938 similis
1762 1895 1904 1950 puelle

1146 1968 1367 2024 Puerpera
1397 1972 1551 2024 partus
1584 1969 1727 2024 puelle
1758 1967 1831 2023 qui
1864 1966 2006 2022 primo

1207 2044 1338 2096 partu
1371 2040 1615 2083 masculum
1647 2041 1827 2097 generat

1147 2113 1393 2168 Puerpente
1425 2112 1658 2169 uirginitas
1692 2111 1898 2154 innocens

1148 2185 1364 2241 Puerpere
1403 2185 1495 2227 fata
1532 2185 1577 2226 in
1617 2187 1748 2240 partu
1786 2185 1905 2226 lenta
1938 2183 2007 2225 uel

1208 2258 1416 2300 instituta

1147 2331 1408 2373 Pueritioles
1442 2329 1600 2372 federis
1633 2329 1872 2384 portitores
2025 2335 2060 2361 55

1147 2403 1320 2459 Pugillo
1356 2416 1504 2458 pugno

1144 2474 1389 2532 Pugillares
1435 2473 1561 2529 parui
1600 2472 1703 2515 libri
1744 2472 1813 2514 uel
1858 2471 2006 2525 tabule

1205 2562 1311 2603 quas
1343 2546 1487 2603 possis
1520 2560 1668 2601 pugno
1702 2545 1922 2587 includere

1145 2619 1323 2661 *Pultes
1363 2622 1406 2660 et
1443 2619 1718 2674 pulmentum
1757 2632 1855 2660 cum
1894 2631 2007 2659 com-

1205 2691 1406 2733 miscitur
1434 2690 1654 2746 quispiam
1682 2689 1846 2745 aliquid
1866 2688 2006 2742 farine

1145 2762 1367 2806 >i‘Pullaria
1399 2765 1548 2805 tumor
1580 2766 1624 2804 et
1657 2761 1854 2804 collectio

1146 2835 1432 2878 '³‘Pulternum
1472 2849 1546 2876 seu
1587 2834 1825 2890 pultarium
1869 2847 2005 2888 genus
2027 2846 2060 2871 60

1206 2907 1420 2949 tenebrici
1450 2907 1615 2948 uastuli

1145 2979 1358 3022 Pumilios
1391 2979 1545 3021 molles
1580 2981 1710 3033 atque
1744 2992 1922 3020 enerues

1146 3051 1397 3106 Purpurilla
1427 3050 1550 3093 locus
1577 3052 1700 3092 extra
1731 3052 1906 3105 portam
1931 3050 2007 3093 ubi

1207 3126 1354 3166 scorta
1385 3125 1612 3178 prostrant
1643 3121 1810 3165 dictum
1837 3125 1904 3165 est
1930 3124 2007 3164 aut
