2175 3428
651 132 908 169 EXCERPTA
933 132 998 167 EX
1024 132 1169 168 LIBRO
1197 131 1488 168 GLOSSARVM

191 245 415 287 Manuales
448 244 620 287 forfices
654 243 824 286 ferrarii

193 317 401 359 Manubia
433 316 605 372 expolia
638 316 730 358 siue
763 315 1003 371 expoliacio

192 388 348 430 Manus
394 403 530 444 equus
580 388 756 430 breuior
806 390 874 429 est
925 401 1052 442 quem

252 461 387 517 uulgo
420 460 652 502 brunicum
683 461 844 501 uocant

193 531 416 588 Mappalia
449 546 549 574 casa
579 530 815 586 pastoralis

158 617 175 643 5
193 602 417 658 Mappalia
448 601 688 658 pastoralia
719 601 1001 643 tabernacula

193 674 472 730 Mappalibus
505 673 685 716 edificiis
719 672 994 714 numidarum

194 745 369 788 Marcor
400 746 626 801 quolapsio

195 817 367 860 Marcor
399 817 593 860 defectus
621 816 797 872 quidam
825 819 944 858 stant
970 831 1056 858 cer-

254 888 361 931 nitis
412 889 634 945 expositas
685 888 804 944 turpi
861 903 1056 930 marcore

255 960 457 1003 cohortes

196 1032 384 1074 Marillis
411 1048 534 1075 roma
560 1032 729 1088 antiqui
753 1032 816 1073 ita
837 1032 1056 1088 appellare

256 1105 491 1147 uoluerunt

145 1194 177 1219 10
198 1175 422 1218 Maritima
447 1177 545 1220 loca
571 1176 681 1218 mari
706 1176 851 1219 uicina
872 1179 916 1218 et
942 1176 1058 1218 dicta

258 1248 477 1291 maritima
510 1249 634 1304 quasi
667 1248 801 1290 maris
834 1248 990 1290 intima

197 1320 392 1362 Marmor
419 1320 683 1376 aliquotiens
711 1334 830 1363 mare
856 1318 1058 1375 Uirgilius

257 1392 439 1434 infidum
472 1393 603 1434 remis
633 1392 840 1448 inpellere
868 1405 1059 1433 marmor

259 1465 492 1507 conueniat

199 1535 335 1578 Marsi
386 1550 522 1592 genus
574 1551 818 1578 marsorum
862 1534 947 1576 fuit
991 1548 1060 1590 ge-

258 1608 375 1650 neris
408 1608 553 1650 neutri

201 1679 335 1721 Marsi
368 1680 663 1722 incantatores

201 1752 447 1794 Marsorum
480 1751 804 1793 incantatorum

149 1842 181 1867 15
204 1823 505 1880 Marsuppium
537 1822 758 1865 sacculum
790 1823 970 1878 penucie

201 1894 374 1937 Marsus
406 1895 655 1937 incantator

201 1966 433 2010 Marcellus
461 1965 690 2008 mediocris
715 1968 898 2009 malleus
920 1967 1061 2009 dictus

261 2054 340 2095 pro
374 2038 708 2081 diminutionem
744 2036 887 2096 (Isz'sl)

203 2111 412 2154 Martium
441 2125 634 2153 mensem
663 2111 849 2153 Romani
882 2114 1062 2167 propter

261 2183 473 2226 honorem
517 2183 676 2225 romuli
716 2183 777 2226 sic
820 2183 1063 2239 appellaue-

263 2258 366 2298 runt
410 2255 485 2310 qui
530 2270 625 2297 eum
671 2255 878 2310 martyris
922 2255 1062 2297 filium

264 2342 357 2370 esse
391 2326 666 2369 crediderunt
699 2324 857 2384 (Virq.)

205 2399 478 2441 Marrubium
491 2398 628 2440 herba
643 2398 901 2454 campestris
917 2413 1066 2440 amara

154 2490 189 2515 20
207 2470 303 2513 Mas
335 2469 553 2513 masculus

207 2543 353 2585 Massa
384 2557 540 2584 norma

209 2614 428 2657 Masculus
459 2629 547 2656 non
579 2616 628 2655 ut
661 2614 836 2669 quidam
869 2614 1030 2656 mascel

1859 130 1943 171 221

1090 242 1324 284 Masticina
1356 256 1506 284 crocea

1090 313 1299 370 Mastigia
1325 314 1436 356 male
1465 328 1588 356 serue
1614 327 1736 355 serue
1763 327 1949 367 nequam

1092 385 1298 442 Mastigie
1333 388 1456 427 taure
1490 385 1664 441 flagella
1971 395 2003 419 25

1091 457 1321 513 Mastruga
1360 457 1646 499 barbarorum
1686 471 1844 498 nomen
1883 459 1951 497 est

1151 528 1302 570 latinis
1334 529 1537 583 loquellis
1569 529 1780 571 insertum

1093 599 1324 656 Mastruga
1353 599 1482 641 fortis
1516 603 1591 642 aut
1623 599 1891 642 fortissimus

1093 671 1268 714 Matura
1288 672 1366 713 dea
1392 686 1663 728 paganorum
1685 686 1813 727 quam
1834 670 1952 726 greci

1095 745 1098 747 ’
1153 744 1323 786 leucote
1358 743 1585 785 adixerunt

1094 815 1271 858 Mauors
1304 830 1420 857 mars

1094 887 1271 929 Mauors
1303 887 1589 943 belligerator
1975 898 2008 923 30

1095 959 1361 1002 Mauortiam
1394 973 1509 1000 mars
1543 958 1724 1014 subpius
1757 959 1919 1001 bazena

1095 1030 1344 1073 Mauorcius
1367 1045 1544 1086 campus
1571 1031 1756 1073 martius
1778 1046 1955 1087 campus

1157 1103 1231 1158 qui
1263 1105 1331 1145 est
1367 1117 1488 1145 rome
1527 1103 1603 1145 ubi
1634 1103 1805 1145 iuuenis
1845 1118 1954 1145 mar-

1157 1175 1291 1217 cellus
1325 1175 1520 1230 sepultus
1554 1178 1621 1216 est
1653 1173 1812 1232 (νίν-9.)

1098 1247 1271 1302 Meapte
1299 1262 1395 1289 mea
1426 1246 1564 1302 ipsius

1096 1319 1269 1361 Meatus
1311 1334 1462 1361 currus
1504 1319 1735 1374 pluraliter
1776 1319 1956 1360 lucanus

1159 1406 1270 1447 quur
1285 1391 1411 1447 signa
1432 1394 1601 1433 meatus
1617 1391 1842 1433 deseruere
1858 1391 1958 1432 suos

1101 1463 1300 1506 Mecenas
1328 1467 1367 1513 R
1399 1463 1474 1518 qui
1505 1478 1610 1505 uero
1645 1463 1848 1506 octauino
1874 1462 1958 1503 uir·
1978 1474 2012 1500 35

1160 1536 1315 1593 gilium
1349 1535 1654 1577 conmendabit

1099 1608 1276 1651 Medaor
1309 1608 1500 1650 medicor
1532 1608 1653 1649 illam
1686 1621 1779 1649 rem
1806 1609 1850 1648 et
1875 1621 1958 1648 me-

1160 1681 1280 1723 dicor
1311 1679 1376 1722 illi
1409 1695 1477 1722 res
1508 1680 1666 1722 dicitur
1698 1677 1960 1721 unsensibus

1160 1752 1431 1795 medicantur
1470 1752 1650 1808 angelus
1690 1754 1734 1792 et
1779 1750 1960 1792 semina—

1160 1824 1275 1879 uidie
1315 1824 1514 1879 equidem
1559 1823 1758 1879 equidem
1799 1823 1959 1864 multos

1160 1895 1326 1938 medica
1358 1898 1602 1938 reserantes

1100 1967 1269 2011 Medica
1302 1968 1430 2010 citria
1460 1967 1595 2009 latine

1100 2040 1377 2083 Meditolium
1415 2040 1461 2081 in
1494 2039 1634 2082 medio
1669 2052 1821 2094 campo
1863 2038 1962 2080 emi-

1160 2128 1266 2155 nens
1298 2113 1420 2155 locus

1100 2184 1395 2227 Meditullium
1428 2183 1594 2226 medius
1628 2184 1750 2226 locus
1788 2186 1901 2237 terre

1102 2256 1396 2298 Meditullium
1429 2257 1550 2298 locus
1584 2256 1882 2298 meditationis

1103 2328 1307 2371 Meliceat
1344 2343 1423 2384 pro
1463 2327 1570 2369 mihi
1613 2328 1743 2370 liceat
1782 2331 1825 2369 et
1866 2342 1965 2370 con—

1165 2400 1342 2443 cedatur

1103 2471 1339 2514 Melicebat
1359 2472 1467 2514 mihi
1487 2472 1649 2515 licebat
1667 2471 1869 2527 uirgilius
1895 2485 1963 2512 me

1982 2268 2017 2292 40

1165 2544 1327 2586 licebat
1360 2560 1508 2600 casum
1541 2545 1745 2586 miserere
1778 2542 1964 2584 insontis

1167 2616 1302 2657 amihi

305 2772 338 2803 2.
364 2766 569 2812 expoliatio
598 2768 610 2812 ΙΙ
642 2769 672 2801 7.
701 2765 898 2811 quolapsio
925 2779 970 2803 m.
989 2772 1021 2812 1,
1048 2769 1229 2816 collapsio
1255 2782 1300 2805 m.
1317 2773 1338 2805 4
1364 2775 1406 2806 ut
1433 2770 1503 2806 vid.
1530 2772 1542 2815 11
1575 2773 1606 2806 8.
1635 2770 1775 2804 coortes
1808 2769 1818 2811 ΙΙ
1851 2770 1882 2802 9.
1909 2777 1966 2801 ro-

210 2838 312 2862 mam
338 2838 382 2862 ex
406 2837 512 2861 roma
538 2837 630 2862 corr.
654 2828 659 2870 Ι
682 2825 869 2871 appellari
892 2828 904 2872 11
938 2830 992 2863 15.
1019 2829 1178 2877 pecunie
1204 2832 1215 2873 [Ι
1248 2833 1302 2865 17.
1329 2829 1528 2864 Mai-tellus
1551 2831 1556 2873 1
1577 2839 1643 2874 per
1671 2831 1683 2873 ΙΙ
1717 2831 1770 2862 18.
1797 2826 1930 2861 martis
1965 2828 1967 2873 J

211 2890 268 2923 25.
295 2886 430 2921 taurea
455 2897 500 2921 eae
523 2886 631 2920 taure
657 2896 746 2921 corr.
768 2887 780 2930 n
805 2889 862 2921 28.
888 2884 1100 2923 leucoteam
1126 2900 1170 2924 eoe
1195 2888 1368 2924 leucotea
1393 2900 1484 2925 corr.
1509 2893 1513 2933 ι
1537 2888 1712 2922 dixerunt
1730 2890 1742 2933 u
1768 2890 1824 2922 31.
1850 2897 1967 2921 mars-

213 2945 369 2992 suppius
389 2946 401 2990 n
420 2948 476 2980 32.
503 2943 713 2979 Mauortius
735 2946 740 2990 1
762 2943 925 2980 marcius
944 2947 956 2991 ΙΙ
976 2950 1032 2983 35.
1060 2949 1165 2995 uero]
1192 2952 1294 2995 uergr.
1319 2951 1323 2994 Ι
1347 2947 1547 2983 oetauiano
1574 2959 1618 2983 ea:
1644 2945 1820 2982 octauino
1846 2957 1936 2982 corr.
1960 2944 1965 2992 1

211 3005 468 3052 uirgil.].a1'1}.
494 3015 539 3039 ea:
563 3003 650 3049 nii-*g
677 3015 768 3040 corr.
797 3006 802 3049 Ι
837 3007 1105 3042 conmendauit
1129 3020 1173 3044 ex
1199 3007 1466 3044 conmendabit
1497 3019 1589 3043 corr.
1627 3008 1639 3051 ΙΙ
1676 3010 1732 3042 36.
1765 3006 1933 3041 Medicor
1961 3007 1966 3052 Ι

211 3065 266 3100 rei
288 3069 293 3109 ι
322 3066 364 3099 ut
390 3063 540 3100 senibus
568 3075 613 3099 em
637 3062 863 3098 unsensibus
889 3076 979 3102 corr.
1004 3068 1008 3111 l
1042 3067 1186 3113 angelis
1212 3081 1257 3104 m.
1276 3074 1305 3114 1,
1335 3067 1480 3103 anhelis
1506 3079 1533 3103 s.
1559 3078 1627 3103 scr.
1655 3079 1698 3102 m.
1714 3069 1736 3101 4
1765 3066 1770 3114 Ι
1798 3067 1967 3112 se(m.1)-

212 3124 316 3160 mina
341 3123 423 3159 uidi
448 3126 507 3171 (m.
522 3125 558 3169 4)
581 3123 586 3172 Ι
609 3122 784 3172 equidem
809 3135 875 3160 om.
898 3127 904 3170 Ι
925 3128 1249 3176 resere(m.1)ntes
1270 3130 1328 3175 (m.
1345 3130 1381 3175 4)
1400 3130 1412 3175 u
1432 3131 1487 3164 42.
1516 3126 1628 3162 amici
1646 3138 1690 3162 ex
1706 3125 1828 3161 'amihi
1847 3136 1938 3162 corr.
1961 3126 1964 3172 Ι
