2216 3402
179 123 236 165 90

178 232 347 288 Oppido
393 232 755 288 quemadmodum
800 230 874 272 sed
919 245 1034 272 nunc

237 304 362 347 ualde
395 304 463 361 (de
490 301 563 358 ql.)

179 376 410 432 Opificium
436 375 594 418 dicitur
614 390 682 417 res
710 374 856 430 aliqua
883 389 964 430 que
991 375 1036 416 111

167 453 170 455 ’
239 464 370 505 opera
383 452 449 490 est
463 447 532 489 uel
553 446 629 488 ubi
645 461 776 502 opera
789 447 900 488 fiunt
916 445 1036 504 (Cic.)

180 521 368 576 Opipare
394 520 512 562 laute
534 518 847 574 opulenterque
873 517 942 576 (de
961 517 1037 575 ql.)

180 593 369 649 Opipare
416 591 621 650 opulente·
665 590 835 633 diuiciis
880 591 923 632 id
971 594 1038 637 est

242 665 397 719 opibus
461 663 713 706 conuiuium
775 663 1038 705 instructum

241 737 306 792 (de
331 735 405 791 92.)

141 820 156 843 -⁷›
178 808 383 864 Opiteros
417 808 490 863 qui
524 807 645 850 obito
678 810 801 862 patre
835 807 921 864 etl)
955 823 1036 850 auo

128 1609 161 1633 10

237 878 460 935 uiuent02)
494 882 734 922 nascuntur
767 879 833 936 (de
859 878 935 937 (sl.)

178 952 414 1007 Oppletum
457 951 645 994 oblitum
682 966 818 1006 usque
862 952 911 994 ad
952 952 1038 1007 ple-

236 1040 341 1066 num
375 1023 440 1080 (de
460 1022 534 1079 ql.)

180 1097 523 1151 Opobalsamum
557 1095 740 1138 dicimus
780 1110 909 1138 sucus
948 1097 1038 1138 bal-

239 1169 349 1211 sami
389 1168 491 1224 quia
528 1167 573 1208 ni
612 1167 742 1209 fallor
781 1183 863 1223 opo
909 1183 1037 1211 sucus

238 1241 305 1297 (de
330 1240 404 1296 yl.)

180 1313 315 1368 Opter
342 1312 454 1354 nihil
481 1315 548 1354 est
572 1312 884 1354 nemendosum
912 1312 970 1354 sit
996 1316 1039 1355 et

240 1385 298 1426 sit
324 1387 399 1426 aut
424 1387 604 1440 propter
629 1384 870 1439 prepositio
898 1383 1040 1427 obiter

240 1456 494 1498 aduerbium
529 1456 594 1512 (de
620 1454 696 1512 yl.)

183 1528 371 1583 Opulato
398 1527 614 1582 presentis
641 1530 690 1569 ut
717 1527 857 1582 apulis
880 1526 1037 1583 (γίνῃ.)

181 1599 416 1642 Oraculum
441 1600 553 1642 unde
579 1614 787 1654 responsa
814 1599 971 1640 dantur
998 1599 1039 1640 id

240 1676 306 1714 est
354 1672 593 1714 fundantur
642 1672 712 1713 uel
757 1671 1039 1726 predicuntur

238 1760 341 1786 nam
385 1747 429 1786 et
477 1743 574 1799 ipsa
622 1758 878 1798 responsum
924 1744 1038 1798 quod

241 1817 369 1858 datur
403 1816 628 1859 oraculum
660 1815 819 1858 dicitur
854 1815 919 1871 (de
940 1813 1012 1869 91.)

182 1889 341 1930 Orama
372 1887 494 1930 uisus
527 1887 670 1929 somni
703 1886 768 1943 (de
794 1884 869 1943 92.)

183 1960 319 2003 Orbia
339 1974 476 2016 genus
498 1960 685 2015 quodam
706 1973 903 2001 escarum
924 1958 1039 2014 quod

243 2032 418 2088 quidam
457 2032 623 2074 saturni
665 2031 840 2073 obuiam
881 2032 1042 2072 uocant

173 2162 175 2164 Ι
242 2104 309 2160 (de
333 2102 408 2160 ql.)

184 2175 321 2232 Orgia
348 2190 526 2232 grecum
552 2178 619 2217 est
644 2175 688 2216 id
715 2177 782 2216 est
808 2189 931 2216 sacra
959 2188 1040 2229 que

243 2262 320 2303 per
339 2247 532 2290 furorem
550 2247 825 2290 celebrantur
845 2248 895 2287 ut
914 2245 1041 2287 liberi

243 2320 381 2375 patris
409 2322 453 2361 et
479 2318 610 2360 matri
631 2318 757 2360 deum
785 2317 909 2373 orgia
934 2317 1041 2358 item

244 2406 446 2433 mensura
479 2394 544 2433 est
573 2390 686 2445 quod
718 2389 852 2431 latine
886 2389 1044 2431 dicitur

245 2463 347 2504 ulna
380 2462 535 2518 (Ve'ry.)

698 120 932 156 PLACIDVS
959 119 1088 154 LIBRI
1116 118 1405 155 GLOSSARVM

1073 229 1173 272 Orie
1212 228 1324 271 freni
1363 231 1406 270 et
1446 227 1641 270 habenae
1682 227 1735 269 ab
1768 241 1842 269 ore
1874 225 1934 267 di-

1134 304 1291 344 cuntur
1325 298 1444 365 (016.)

1075 374 1216 416 Ornos
1249 387 1386 429 genus
1414 371 1630 427 quoddam
1661 370 1830 413 arboris
1863 384 1932 426 ge·
1957 385 1988 411 15

1135 445 1250 487 neris
1272 443 1470 486 feminini
1489 443 1681 485 numeris
1700 441 1934 499 singularis

1136 518 1188 559 ad
1244 532 1347 559 uero
1405 515 1635 571 pluraliter
1685 514 1780 557 orni
1829 513 1936 555 facit

1135 587 1349 645 (Hieron.)

1077 660 1164 703 Oro
1191 662 1374 703 uerbum
1395 660 1589 702 actibum
1611 661 1678 700 est
1703 657 1812 700 facit
1837 671 1936 713 pas—

1138 733 1282 775 sibum
1309 747 1410 775 oror
1433 745 1537 787 ergo
1568 732 1748 772 orantur
1774 729 1936 771 directe

1136 804 1319 847 dicimus
1371 806 1553 846 orantur
1601 805 1749 845 autem
1795 801 1935 843 dicere

1136 892 1214 932 pro
1243 879 1369 918 orant
1400 875 1623 931 poeticum
1652 878 1718 917 est
1745 874 1861 930 quod
1888 888 1936 915 05

1136 949 1359 1004 poliantur
1390 947 1666 1003 prospoliant
1698 942 1910 1002 (Hieron.)

1079 1020 1234 1076 Ortigo
1268 1023 1408 1062 metra
1440 1034 1577 1075 genus
1614 1019 1761 1061 auium
1792 1018 1837 1060 id
1869 1020 1937 1059 est

1136 1092 1380 1134 cuturnices
1415 1092 1620 1135 cuturnix
1653 1088 1809 1148 (Viry.)

1077 1163 1188 1206 0501·
1208 1164 1368 1206 dicitur
1396 1164 1469 1219 qui
1490 1163 1624 1205 alium
1653 1161 1751 1204 odio
1774 1161 1936 1203 habeat

1137 1239 1181 1277 et
1208 1239 1274 1278 est
1305 1251 1464 1278 nomen
1493 1235 1665 1292 generis
1693 1233 1936 1276 communis

1136 1307 1207 1350 hic
1241 1310 1284 1349 et
1316 1308 1395 1362 1166
1427 1322 1528 1349 0501·
1561 1307 1677 1349 osrix
1711 1306 1826 1348 enim
1852 1304 1936 1348 dici

1136 1395 1224 1422 11011
1256 1382 1403 1435 potest
1434 1379 1520 1421 11151
1552 1380 1607 1421 ab
1640 1377 1841 1433 inperitis

1080 1523 1241 1565 Pacere
1274 1523 1436 1578 pacisci
1469 1521 1536 1579 (de
1563 1522 1636 1579 97.)

1080 1595 1326 1637 Phalarices
1354 1593 1498 1651 sunt3)
1527 1595 1615 1636 tela
1641 1594 1809 1636 maiora
1834 1593 1936 1649 pilis
1958 1610 1972 1634 ‘2

1136 1667 1250 1710 uello
1284 1666 1573 1709 necessariam
1607 1664 1674 1722 (de
1700 1663 1775 1722 ql.)

1077 1737 1349 1795 Palpitans4)
1383 1741 1450 1780 est
1477 1739 1550 1794 qui
1577 1738 1766 1780 animam
1799 1736 1937 1779 trahit

1136 1826 1237 1852 nam
1270 1811 1492 1866 palpitans
1524 1825 1612 1852 11011
1645 1813 1713 1852 est
1750 1809 1937 1851 latinum

1136 1886 1284 1939 potest
1316 1886 1464 1924 tamen
1491 1897 1515 1924 a
1546 1881 1757 1937 palfebris
1789 1880 1937 1922 uenire

1141 1954 1285 2013 (Isz‘cl.)

1079 2027 1174 2069 Pan
1202 2042 1330 2083 quem
1357 2027 1517 2082 pagani
1543 2026 1672 2068 deum
1699 2025 1850 2066 dicunt
1869 2024 1939 2065 uel

1139 2099 1347 2142 incubum
1386 2097 1610 2153 appellant
1643 2095 1832 2151 caprinis
1869 2110 1939 2150 pe-

1140 2171 1267 2213 dibus
1299 2170 1532 2212 barbatum
1558 2168 1799 2210 rubicunda
1829 2166 1939 2209 facie

1141 2243 1187 2284 in
1213 2243 1411 2284 dextram
1436 2241 1632 2283 fistulam
1658 2239 1704 2281 in
1728 2240 1827 2281 leua
1852 2238 1939 2280 uir-

1141 2328 1242 2370 gam
1269 2316 1491 2355 tenentem
1512 2328 1593 2368 que
1614 2311 1770 2354 uolunt
1796 2325 1941 2353 rerum

1141 2388 1183 2427 et
1210 2385 1351 2427 tocius
1379 2387 1534 2426 nature
1562 2385 1687 2426 deum
1716 2383 1827 2425 unde
1853 2389 1940 2438 pan

1142 2457 1267 2512 quasi
1301 2455 1446 2498 omnia
1480 2455 1703 2511 appellant
1736 2450 1878 2512 (Isid.)

282 2594 318 2637 1)
343 2603 368 2627 s.
396 2603 462 2627 scr.
489 2594 570 2627 m.2
588 2592 600 2636 ΙΙ
619 2592 654 2636 2)
682 2601 702 2625 0
730 2592 770 2626 z'n
796 2602 815 2625 6
843 2593 923 2625 m.:2
943 2592 954 2635 ΙΙ
975 2591 1009 2634 3)
1037 2588 1122 2624 add.
1149 2599 1194 2622 m.
1210 2591 1234 2622 2
1255 2588 1266 2631 ΙΙ
1287 2588 1322 2631 4)
1351 2598 1366 2619 5
1393 2598 1419 2621 s.
1447 2597 1514 2622 scr.
1542 2587 1628 2620 m.2
1646 2585 1658 2628 ΙΙ

282 2703 313 2734 4.
341 2698 486 2734 diuitiis
524 2700 535 2742 ΙΙ
574 2701 604 2734 5.
632 2697 783 2732 uiuente
821 2699 833 2742 Η
872 2701 902 2732 7.
930 2708 1059 2731 sucum
1086 2707 1130 2731 ea:
1156 2705 1265 2729 sucus
1291 2705 1380 2729 corr.
1420 2695 1431 2738 11
1469 2695 1500 2728 8.
1530 2692 1645 2738 Optet
1676 2694 1681 2735 Ι
1712 2689 1804 2725 111611
1836 2691 1841 2735 Ι
1874 2691 1941 2725 aut

187 2759 309 2794 obiter
339 2761 350 2805 ΙΙ
383 2762 437 2794 10.
466 2758 646 2792 fundatur
671 2769 716 2793 m.
731 2761 764 2801 1,
790 2756 998 2791 funduntur
1024 2768 1068 2790 m.
1084 2759 1106 2789 6
1129 2757 1134 2800 Ι
1161 2753 1407 2800 predicuntur
1431 2764 1476 2788 m.
1492 2755 1525 2795 1,
1552 2749 1796 2797 predicantur
1820 2760 1865 2784 m.
1881 2752 1904 2784 6
1934 2749 1938 2795 Ι

188 2818 270 2863 ipsa
301 2823 394 2863 ml,
433 2818 558 2864 ipsum
589 2821 673 2852 ms?
708 2820 712 2861 1
748 2815 886 2850 dicitur
916 2828 960 2851 ea:
992 2814 1135 2849 dictum
1162 2815 1202 2849 in
1228 2814 1334 2849 scrib.
1360 2823 1451 2848 corr.
1477 2823 1522 2846 m.
1540 2815 1558 2845 1
1598 2813 1609 2855 ΙΙ
1650 2813 1702 2844 11.
1737 2807 1872 2844 somnii
1897 2819 1942 2843 ea,-

190 2877 308 2913 somni
335 2889 424 2913 corr.
464 2880 475 2923 ΙΙ
514 2881 568 2912 12.
597 2877 786 2922 quoddam
811 2888 855 2912 ea:
881 2875 1045 2920 quodam
1070 2885 1162 2910 corr.
1192 2875 1197 2917 Ι
1228 2873 1391 2907 iscarum
1427 2873 1439 2916 ΙΙ
1478 2873 1532 2906 13.
1560 2880 1626 2916 per
1651 2881 1695 2905 ex
1719 2880 1787 2915 pro
1813 2879 1905 2904 corr.
1935 2869 1938 2914 Ι

189 2937 350 2971 furorem
376 2950 419 2972 (313
445 2938 569 2972 furore
595 2949 686 2973 corr.
719 2939 732 2982 ΙΙ
765 2940 818 2971 16.
846 2935 1040 2982 passiuum
1065 2945 1109 2969 em
1133 2932 1328 2978 passibum
1354 2942 1444 2966 corr.
1480 2933 1485 2974 Ι
1520 2929 1706 2974 quomodo
1733 2926 1942 2974 spoliantur

189 3009 233 3033 ex
258 2996 594 3042 quodospoliantur
613 3009 704 3033 corr.
725 2997 736 3041 ΙΙ
758 2999 812 3032 17.
839 2994 1048 3031 coturnices
1069 3005 1113 3029 ex
1133 2991 1344 3026 cuturnices
1364 3002 1455 3027 corr.
1476 2991 1487 3035 ΙΙ
1509 2992 1563 3025 18.
1591 2988 1708 3024 osu-ix
1726 2989 1739 3033 ss
1757 2991 1814 3023 20.
1840 2985 1941 3021 bello

190 3069 234 3092 ex
259 3055 359 3091 uello
385 3068 473 3091 corr.
500 3059 504 3100 Ι
526 3056 779 3091 necessarium
798 3058 809 3101 ΙΙ
835 3059 891 3091 21.
918 3054 996 3090 iam
1017 3057 1021 3098 1
1044 3051 1235 3098 palpebris
1262 3063 1306 3087 ea:
1331 3049 1512 3096 palfebris
1540 3061 1630 3085 corr.
1651 3049 1662 3093 ll
1691 3051 1748 3082 22.
1775 3046 1907 3081 dextra
1935 3046 1939 3091 Ι

192 3126 303 3161 quem
328 3127 372 3151 ex
398 3126 470 3159 que
495 3127 585 3151 corr.
611 3116 615 3161 Ι
643 3115 760 3151 totius
785 3118 797 3161 ΙΙ
