2216 3402
194 133 225 167 X
482 183 487 187 ¹
913 131 1186 167 PRAEFATIO

194 258 287 284 rum
329 245 372 283 ct
410 242 511 284 libri
544 243 788 297 glossarum
822 241 1072 295 saepissime
1105 241 1383 283 demonstrat.
1447 240 1597 296 Neque
1635 240 1742 282 illud
1775 242 1936 296 obstat,

194 315 306 369 quod
346 314 576 368 aliquoties
617 313 869 355 Uol-siano
910 312 1046 354 codici
1091 313 1200 354 miro
1239 313 1367 354 modo
1407 327 1503 354 cum
1542 313 1655 354 libro
1688 313 1934 368 glossarum

194 386 412 439 convenit,
451 400 559 440 quae
597 385 742 427 nescio
784 399 837 425 an
876 398 926 424 ex
958 383 1118 438 Papia
1150 385 1384 426 correxerit
1417 385 1613 439 scriptor.
1676 384 1829 426 Eidem
1861 383 1936 426 ho-

192 458 298 498 mini
332 458 405 512 qui
444 460 512 498 tot
550 458 668 499 locos
708 456 941 510 temptavit
979 456 1095 497 haud
1127 456 1254 497 dubie
1288 456 1469 497 debetur
1499 456 1728 511 inscriptio
1765 455 1937 498 Glossae

192 529 416 570 Luctatic'
465 529 630 571 Placide·
675 528 940 581 yrammatc'ci
987 528 1038 568 in
1088 527 1263 569 Plauti
1312 529 1612 582 comoedias,
1667 541 1775 582 quae
1819 527 1935 568 viros
1977 552 1979 555 s

193 601 342 642 doctos
371 601 601 641 admodum
621 599 805 641 vexavit.
847 598 1040 654 Denique
1060 614 1147 640 non
1168 599 1333 654 dubito,
1360 599 1464 653 quin
1486 599 1596 640 liber
1617 597 1760 654 quinti
1780 598 1934 640 dec'rmi

192 672 351 713 saeculi
384 672 524 712 fuerit.
590 671 707 720 Quae
741 686 839 713 cum
870 671 932 712 ita
965 671 1070 724 sint,
1110 669 1364 712 Corsiano
1404 670 1539 711 libro
1577 673 1652 711 aut
1685 669 1934 711 cautissime
1998 713 2003 719 ,

193 742 400 784 utendum
434 746 509 784 aut
541 742 687 797 potius
719 757 807 784 non
840 743 1048 784 utendum
1081 744 1163 783 est:
1203 756 1289 796 qua
1319 756 1365 782 re
1399 742 1634 796 scripturas
1669 741 1760 783 eius
1796 740 1936 782 omisi.

311 827 335 878 ξ
369 827 406 867 5.
468 825 530 867 Vt
561 824 795 867 Vaticanus
834 825 944 868 1889
980 840 1031 866 ex
1062 823 1277 866 Vaticano
1316 824 1427 866 1552
1462 824 1675 880 originem
1708 823 1842 879 duxit,
1874 824 1938 865 ita

194 898 326 939 codex
365 897 716 953 Angelicanus
761 912 818 938 ex
856 896 1115 938 Vaticano
1162 896 1275 938 3441
1322 895 1494 937 videtur
1535 895 1791 950 repetendus
1831 910 1936 937 esse.

194 968 361 1012 Similia
404 969 518 1010 enim
551 971 594 1010 et
626 968 841 1023 permulta
874 967 1132 1022 deprehendi
1166 969 1350 1021 possunt
1382 966 1690 1022 congruentiae
1724 967 1938 1021 exempla:

193 1055 301 1095 quae
346 1041 592 1094 discrepant
635 1040 741 1081 talia
787 1042 907 1095 sunt,
951 1041 1000 1080 ut
1037 1038 1417 1094 Angelicanum
1458 1041 1533 1079 aut
1571 1053 1622 1079 ex
1659 1038 1754 1092 ipso
1794 1037 1940 1079 Vati-

194 1126 317 1153 cano
351 1127 443 1153 esse
477 1112 755 1153 derivandum
789 1113 864 1152 aut
897 1125 948 1152 ex
979 1110 1115 1151 fratre
1149 1109 1334 1165 gemello
1366 1123 1481 1151 nunc
1513 1110 1734 1164 deperdito
1772 1112 1939 1151 certum

194 1183 263 1224 sit.
326 1182 421 1224 Hoc
459 1182 521 1224 ita
560 1198 652 1224 esse
691 1183 757 1224 vel
798 1197 848 1224 ex
881 1196 930 1223 eo
965 1181 1143 1236 videbis,
1175 1181 1289 1235 quod
1321 1181 1365 1222 in
1401 1180 1655 1222 Vaticano
1689 1181 1860 1236 saepius
1893 1181 1946 1222 H

194 1256 347 1308 exstat,
379 1269 457 1308 pro
491 1268 574 1308 quo
609 1254 659 1295 N
685 1256 751 1295 est
782 1253 827 1294 in
858 1251 1203 1308 Angelicano,
1234 1254 1284 1292 ut
1316 1267 1356 1306 p.
1382 1253 1452 1308 21,
1478 1253 1534 1294 3⁶2
1560 1252 1942 1295 Exhauz‘erantibus

193 1323 375 1382 &VaticJ
410 1346 465 1359 =
498 1325 886 1367 Exnautermztibus
924 1321 1138 1380 (Augei),
1182 1337 1223 1377 p.
1250 1324 1325 1378 38,
1352 1324 1407 1365 22
1445 1323 1635 1366 PHisioa
1667 1321 1850 1381 (Vatic.)
1884 1344 1940 1357 =

1121 1394 1152 1418 H

194 1433 366 1474 Pnisica
403 1430 615 1488 (Angel.),
668 1447 707 1486 p.
736 1432 814 1484 38,
850 1432 907 1473 20
950 1402 1241 1472 Ρεθηιῖοὐῖφῖῑιφη
1279 1429 1459 1487 (Vatic.)
1499 1450 1555 1464 =
1596 1431 1942 1485 Pseudotc‘nyrum

192 1502 399 1561 (Angel.),
430 1519 470 1558 p.
497 1503 564 1554 38,
594 1504 646 1545 18
675 1501 1050 1545 PENSOMENI
1076 1516 1183 1543 corr.
1217 1501 1261 1544 in
1305 1502 1729 1545 PSEVDOMENI
1756 1500 1940 1558 (Vatic.)

195 1597 248 1609 =
277 1575 595 1617 Pscmcosomeni
620 1572 828 1631 (Augei),
862 1574 956 1615 alia.
1008 1573 1158 1614 Etiam
1191 1573 1295 1615 alibi
1322 1573 1487 1615 factum
1513 1577 1593 1628 est,
1624 1577 1673 1615 ut
1700 1588 1808 1628 quae
1834 1589 1888 1615 m.
1914 1574 1941 1615 2

193 1647 237 1688 in
278 1646 532 1688 Vaticano
579 1646 783 1688 adiecerit
829 1644 1073 1700 corrigendi
1118 1645 1184 1686 vel
1228 1645 1463 1686 adnotandi
1506 1660 1636 1687 causa
1674 1645 1804 1687 simul
1843 1660 1941 1687 cum

195 1719 410 1774 scriptura
460 1718 624 1773 primae
675 1732 827 1759 manus
875 1717 1190 1758 describeretur
1241 1716 1295 1758 ab
1347 1730 1395 1757 eo
1448 1716 1522 1770 qui
1566 1715 1941 1771 Angelicanum

195 1789 397 1844 confecit,
439 1789 557 1831 velut
588 1805 628 1844 p.
657 1790 700 1844 8,
738 1790 808 1843 14,
847 1788 922 1830 ubi
954 1788 999 1829 in
1031 1787 1245 1829 Vaticano
1278 1787 1484 1828 FVLVIVS
1518 1787 1750 1842 adscripsit
1781 1787 1943 1829 Bolona

192 1875 223 1902 s.
249 1862 343 1903 uide
370 1862 574 1914 ylossaria
601 1861 769 1914 yraecol.
797 1863 843 1901 w}
872 1861 928 1901 sit
951 1859 1113 1901 Bolona
1144 1860 1439 1913 redemptorum
1470 1860 1746 1912 cetariorum,
1764 1858 1942 1914 Angeli-

196 1946 326 1973 canus
366 1932 569 1973 mutilata
606 1931 792 1973 lectione
838 1931 1014 1972 exhibet
1058 1931 1108 1972 F.
1148 1930 1313 1973 Bolona
1356 1932 1449 1972 uide
1487 1931 1607 1984 yloss.
1651 1931 1942 1973 caetariarum.

197 2003 383 2045 Omnino
415 2003 526 2044 nihil
558 2002 714 2056 inveni,
747 2003 860 2057 quod
893 2017 980 2043 non
1013 2017 1063 2043 ex
1095 2001 1350 2043 Vaticano
1384 2001 1589 2056 explicari
1615 2002 1767 2056 possit.
1818 2000 1941 2050 Quod

196 2089 291 2116 cum
325 2075 387 2115 ita
420 2074 488 2128 sit,
520 2089 573 2115 ne
605 2074 733 2115 huius
768 2074 940 2128 quidem
972 2073 1073 2114 libri
1106 2073 1219 2114 ratio
1252 2073 1450 2114 habenda
1483 2075 1560 2114 est.

314 2145 520 2187 Eiusdem
558 2145 784 2200 prosapiae
825 2147 891 2187 est
932 2145 1063 2186 codex
1102 2143 1532 2199 Hamburgensis,
1581 2144 1650 2185 cui
1688 2143 1804 2184 iusto
1842 2142 1940 2197 plus

197 2217 354 2258 tribuit
392 2216 758 2258 DEVERLINGIVS.
822 2214 934 2257 Nam
973 2218 1022 2257 ut
1060 2215 1233 2256 mittam
1271 2215 1493 2270 ingentem
1525 2214 1852 2256 multitudinem
1883 2214 1938 2255 lo-

199 2303 347 2330 corum
379 2288 488 2329 miro
516 2289 642 2330 modo
670 2286 1016 2342 congruentium,
1049 2286 1265 2340 quomodo
1292 2289 1441 2328 natam
1468 2301 1561 2328 esse
1588 2286 1779 2327 dicemus
1808 2285 1943 2326 veluti

198 2360 309 2401 hanc
350 2360 613 2413 scripturam
654 2359 712 2413 (p.
740 2360 810 2414 33,
839 2359 910 2411 13)
950 2358 1192 2400 Meumcare
1229 2356 1313 2399 nisi
1352 2372 1403 2398 ex
1441 2357 1698 2399 Vaticano
1739 2357 1942 2398 ducemus

198 2455 259 2496 sic
293 2455 545 2496 exhibente:
586 2438 864 2496 Mgoznicare?
915 2452 1024 2494 Rem
1062 2453 1125 2494 ita
1163 2467 1255 2494 esse
1295 2452 1428 2494 etiam
1468 2452 1512 2493 id
1545 2451 1791 2504 confirmat,
1829 2450 1943 2504 quod

200 2542 239 2581 p.
267 2528 305 2580 8,
336 2527 390 2568 14
422 2526 466 2566 in
498 2525 540 2566 H
574 2528 658 2566 est:
692 2525 865 2567 Bolomz.
903 2523 1035 2566 Gloss.
1071 2523 1254 2566 Graeeol.
1286 2527 1333 2565 ut
1363 2525 1418 2565 sit
1447 2523 1614 2566 Bolona
1647 2523 1945 2575 redemptorum

201 2611 307 2651 quae
347 2595 561 2638 VRsINVM
602 2595 814 2637 Vaticano
862 2594 1142 2648 adscripsisse
1181 2609 1312 2649 supra
1355 2594 1454 2636 dixi.
1525 2592 1723 2635 Gonferri
1760 2595 1944 2647 possunt

201 2667 286 2708 alia
322 2667 440 2708 velut
474 2682 510 2720 p.
539 2668 606 2720 32,
635 2668 677 2708 6:
716 2670 856 2708 auctor
892 2666 957 2707 uel
994 2669 1160 2707 curator
1200 2663 1371 2722 (margo
1404 2664 1650 2720 Vaticani),
1697 2667 1838 2706 auctor
1878 2663 1945 2705 uel

200 2742 364 2779 carator
410 2737 774 2792 (Hamburgensis
821 2737 864 2778 in
909 2736 1152 2792 contextu);
1196 2751 1234 2790 p.
1264 2737 1304 2791 9,
1331 2736 1383 2777 17
1429 2737 1518 2777 sine
1559 2748 1680 2777 sensu
1724 2734 1794 2789 (ex
1833 2733 1944 2775 falsa

202 2810 449 2851 coniectura
480 2809 525 2849 in
558 2822 693 2863 marg.
725 2806 905 2862 Vatic.),
946 2808 1058 2848 idem
1090 2808 1135 2848 in
1167 2809 1372 2850 contextu
1408 2805 1769 2861 Hamburgensis,
1806 2805 1946 2846 multa

204 2880 427 2922 eiusmodi.
490 2879 551 2920 Vt
590 2894 803 2920 summam
846 2879 1127 2933 complectar,
1167 2878 1298 2920 codex
1336 2877 1750 2932 Hamburgensis
1790 2878 1855 2918 est
1893 2890 1945 2917 ex

204 2951 367 2993 va'u
410 2950 574 2991 V1<s1x1
620 2949 853 3004 exemplari
892 2949 1165 3002 derivandus3
1221 2951 1444 3003 praeterea
1481 2947 1670 2988 deterior
1708 2947 1840 2988 etiam
1879 2949 1946 2988 est

205 3037 334 3077 quam
383 3022 744 3077 Angelicanus.
825 3020 1005 3062 Accedit
1050 3020 1162 3074 quod
1206 3020 1279 3062 ille
1323 3019 1435 3061 liber
1477 3032 1565 3059 non
1609 3018 1750 3072 quinti
1791 3016 1945 3059 decimi

205 3093 364 3135 saeculi
404 3095 489 3147 est,
528 3095 575 3134 ut
613 3092 839 3134 videbatur
878 3091 1225 3146 DEVERJANGIO,
1264 3092 1336 3133 sed
1370 3089 1479 3131 sexti
1520 3088 1584 3130 vel
1626 3088 1730 3130 adeo
1770 3087 1945 3142 septimi
