<?xml version="1.0" encoding="UTF-8"?>
<!DOCTYPE html PUBLIC "-//W3C//DTD XHTML 1.0 Transitional//EN"
    "http://www.w3.org/TR/xhtml1/DTD/xhtml1-transitional.dtd">
<html xmlns="http://www.w3.org/1999/xhtml" xml:lang="en" lang="en">
 <head>
  <title>
</title>
<meta http-equiv="Content-Type" content="text/html;charset=utf-8" />
  <meta name='ocr-system' content='tesseract 3.04.00' />
  <meta name='ocr-capabilities' content='ocr_page ocr_carea ocr_par ocr_line ocrx_word'/>
</head>
<body>
  <div class='ocr_page' id='page_1' title='image "./corpusglossarior05linduoft_0295.png"; bbox 0 0 2175 3428; ppageno 0'>
   <div class='ocr_carea' id='block_1_1' title="bbox 631 119 1921 167">
    <p class='ocr_par' dir='ltr' id='par_1_1' title="bbox 631 119 1921 167">
     <span class='ocr_line' id='line_1_1' title="bbox 631 119 1921 167; baseline 0.01 -13"><span class='ocrx_word' id='word_1_1' title='bbox 631 119 889 155; x_wconf 80' lang='lat' dir='ltr'><strong>EXCERPTA</strong></span> <span class='ocrx_word' id='word_1_2' title='bbox 914 119 979 155; x_wconf 82' lang='lat' dir='ltr'>EX</span> <span class='ocrx_word' id='word_1_3' title='bbox 1004 120 1148 156; x_wconf 73' lang='lat' dir='ltr'>LissRo</span> <span class='ocrx_word' id='word_1_4' title='bbox 1175 121 1467 158; x_wconf 77' lang='lat' dir='ltr'>GLOSSARVM</span> <span class='ocrx_word' id='word_1_5' title='bbox 1834 124 1921 167; x_wconf 78' lang='lat'>253</span> 
     </span>
    </p>
   </div>
   <div class='ocr_carea' id='block_1_2' title="bbox 161 229 1976 358">
    <p class='ocr_par' dir='ltr' id='par_1_2' title="bbox 161 229 1976 358">
     <span class='ocr_line' id='line_1_2' title="bbox 161 229 1954 293; baseline 0.004 -23"><span class='ocrx_word' id='word_1_6' title='bbox 161 229 467 284; x_wconf 88' lang='lat' dir='ltr'>Veriloquium</span> <span class='ocrx_word' id='word_1_7' title='bbox 483 233 521 279; x_wconf 70' lang='lat' dir='ltr'>Bc</span> <span class='ocrx_word' id='word_1_8' title='bbox 541 230 652 271; x_wconf 90' lang='lat' dir='ltr'>unde</span> <span class='ocrx_word' id='word_1_9' title='bbox 668 233 712 272; x_wconf 86' lang='lat' dir='ltr'>et</span> <span class='ocrx_word' id='word_1_10' title='bbox 733 231 1023 286; x_wconf 86' lang='lat' dir='ltr'>ueriloquium</span> <span class='ocrx_word' id='word_1_11' title='bbox 1062 231 1308 287; x_wconf 75' lang='lat' dir='ltr'>Vestiplica</span> <span class='ocrx_word' id='word_1_12' title='bbox 1334 233 1496 275; x_wconf 86' lang='lat' dir='ltr'>femina</span> <span class='ocrx_word' id='word_1_13' title='bbox 1517 234 1591 289; x_wconf 91' lang='lat' dir='ltr'>qui</span> <span class='ocrx_word' id='word_1_14' title='bbox 1615 237 1760 276; x_wconf 85' lang='lat' dir='ltr'>uestes</span> <span class='ocrx_word' id='word_1_15' title='bbox 1787 235 1922 290; x_wconf 88' lang='lat' dir='ltr'>plicat</span> <span class='ocrx_word' id='word_1_16' title='bbox 1949 289 1954 293; x_wconf 29' lang='grc' dir='ltr'>ι</span> 
     </span>
     <span class='ocr_line' id='line_1_3' title="bbox 221 301 1976 358; baseline 0.002 -16"><span class='ocrx_word' id='word_1_17' title='bbox 221 301 339 349; x_wconf 85' lang='lat' dir='ltr'>beati</span> <span class='ocrx_word' id='word_1_18' title='bbox 354 301 548 344; x_wconf 86' lang='lat' dir='ltr'>uolentia</span> <span class='ocrx_word' id='word_1_19' title='bbox 561 305 604 344; x_wconf 89' lang='lat' dir='ltr'>et</span> <span class='ocrx_word' id='word_1_20' title='bbox 617 302 862 358; x_wconf 89' lang='lat' dir='ltr'>ueriloquio</span> <span class='ocrx_word' id='word_1_21' title='bbox 874 303 1023 346; x_wconf 88' lang='lat' dir='ltr'>iuncta</span> <span class='ocrx_word' id='word_1_22' title='bbox 1062 303 1235 346; x_wconf 85' lang='lat' dir='ltr'>Veteris</span> <span class='ocrx_word' id='word_1_23' title='bbox 1269 305 1392 348; x_wconf 80' lang='lat' dir='ltr'>bacci</span> <span class='ocrx_word' id='word_1_24' title='bbox 1421 307 1584 349; x_wconf 89' lang='lat' dir='ltr'>ueteris</span> <span class='ocrx_word' id='word_1_25' title='bbox 1616 306 1706 348; x_wconf 87' lang='lat' dir='ltr'>uini</span> <span class='ocrx_word' id='word_1_26' title='bbox 1739 307 1921 349; x_wconf 86' lang='lat' dir='ltr'>baccum</span> <span class='ocrx_word' id='word_1_27' title='bbox 1943 322 1976 346; x_wconf 54' lang='grc' dir='ltr'>ρο</span> 
     </span>
    </p>
   </div>
   <div class='ocr_carea' id='block_1_3' title="bbox 122 377 1922 793">
    <p class='ocr_par' dir='ltr' id='par_1_3' title="bbox 122 377 1922 793">
     <span class='ocr_line' id='line_1_4' title="bbox 222 377 1922 421; baseline 0.003 -6"><span class='ocrx_word' id='word_1_28' title='bbox 222 377 289 415; x_wconf 85' lang='lat' dir='ltr'>est</span> <span class='ocrx_word' id='word_1_29' title='bbox 1121 379 1268 418; x_wconf 89' lang='lat' dir='ltr'>autem</span> <span class='ocrx_word' id='word_1_30' title='bbox 1313 378 1618 421; x_wconf 88' lang='lat' dir='ltr'>metonimicos</span> <span class='ocrx_word' id='word_1_31' title='bbox 1664 378 1727 420; x_wconf 85' lang='lat' dir='ltr'>ait</span> <span class='ocrx_word' id='word_1_32' title='bbox 1770 379 1922 421; x_wconf 90' lang='lat' dir='ltr'>uinum</span> 
     </span>
     <span class='ocr_line' id='line_1_5' title="bbox 161 444 1438 501; baseline 0.003 -15"><span class='ocrx_word' id='word_1_33' title='bbox 161 444 314 486; x_wconf 88' lang='lat' dir='ltr'>Verris</span> <span class='ocrx_word' id='word_1_34' title='bbox 361 460 434 488; x_wconf 90' lang='lat' dir='ltr'>sus</span> <span class='ocrx_word' id='word_1_35' title='bbox 485 460 644 501; x_wconf 86' lang='lat' dir='ltr'>porcus</span> <span class='ocrx_word' id='word_1_36' title='bbox 695 447 835 488; x_wconf 86' lang='lat' dir='ltr'>uerris</span> <span class='ocrx_word' id='word_1_37' title='bbox 880 448 1021 490; x_wconf 87' lang='lat' dir='ltr'>dictus</span> <span class='ocrx_word' id='word_1_38' title='bbox 1123 448 1176 489; x_wconf 82' lang='lat' dir='ltr'>ab</span> <span class='ocrx_word' id='word_1_39' title='bbox 1209 449 1438 491; x_wconf 89' lang='lat' dir='ltr'>inuentore</span> 
     </span>
     <span class='ocr_line' id='line_1_6' title="bbox 221 517 1555 575; baseline 0.004 -17"><span class='ocrx_word' id='word_1_40' title='bbox 221 518 335 572; x_wconf 91' lang='lat' dir='ltr'>quod</span> <span class='ocrx_word' id='word_1_41' title='bbox 369 518 554 574; x_wconf 80' lang='lat' dir='ltr'>grandes</span> <span class='ocrx_word' id='word_1_42' title='bbox 588 519 690 559; x_wconf 90' lang='lat' dir='ltr'>abet</span> <span class='ocrx_word' id='word_1_43' title='bbox 723 517 882 575; x_wconf 86' lang='lat' dir='ltr'>ui1·es¹)</span> <span class='ocrx_word' id='word_1_44' title='bbox 1061 519 1245 562; x_wconf 88' lang='lat' dir='ltr'>Viantes</span> <span class='ocrx_word' id='word_1_45' title='bbox 1280 521 1555 564; x_wconf 82' lang='lat' dir='ltr'>ambulantes</span> 
     </span>
     <span class='ocr_line' id='line_1_7' title="bbox 160 588 1611 649; baseline 0.003 -19"><span class='ocrx_word' id='word_1_46' title='bbox 160 588 329 631; x_wconf 87' lang='lat' dir='ltr'>Vernat</span> <span class='ocrx_word' id='word_1_47' title='bbox 362 590 505 632; x_wconf 83' lang='lat' dir='ltr'>floret</span> <span class='ocrx_word' id='word_1_48' title='bbox 1061 590 1204 633; x_wconf 85' lang='lat' dir='ltr'>Vibex</span> <span class='ocrx_word' id='word_1_49' title='bbox 1237 607 1288 634; x_wconf 83' lang='lat' dir='ltr'>ex</span> <span class='ocrx_word' id='word_1_50' title='bbox 1320 593 1447 649; x_wconf 85' lang='lat' dir='ltr'>uirga</span> <span class='ocrx_word' id='word_1_51' title='bbox 1478 594 1611 649; x_wconf 80' lang='lat' dir='ltr'>plaga</span> 
     </span>
     <span class='ocr_line' id='line_1_8' title="bbox 160 661 1657 720; baseline 0.003 -17"><span class='ocrx_word' id='word_1_52' title='bbox 160 661 326 703; x_wconf 89' lang='lat' dir='ltr'>Vernat</span> <span class='ocrx_word' id='word_1_53' title='bbox 357 662 548 704; x_wconf 88' lang='lat' dir='ltr'>laetatur</span> <span class='ocrx_word' id='word_1_54' title='bbox 1060 662 1236 705; x_wconf 89' lang='lat' dir='ltr'>Viuices</span> <span class='ocrx_word' id='word_1_55' title='bbox 1271 678 1393 706; x_wconf 89' lang='lat' dir='ltr'>caese</span> <span class='ocrx_word' id='word_1_56' title='bbox 1425 665 1657 720; x_wconf 86' lang='lat' dir='ltr'>plagarum</span> 
     </span>
     <span class='ocr_line' id='line_1_9' title="bbox 122 731 1375 793; baseline 0.002 -18"><span class='ocrx_word' id='word_1_57' title='bbox 122 745 138 769; x_wconf 76' lang='grc'>5</span> <span class='ocrx_word' id='word_1_58' title='bbox 160 731 337 776; x_wconf 84' lang='lat' dir='ltr'>Veruile</span> <span class='ocrx_word' id='word_1_59' title='bbox 370 733 527 776; x_wconf 91' lang='lat' dir='ltr'>seruile</span> <span class='ocrx_word' id='word_1_60' title='bbox 1061 734 1194 777; x_wconf 85' lang='lat' dir='ltr'>Viuix</span> <span class='ocrx_word' id='word_1_61' title='bbox 1226 751 1375 793; x_wconf 86' lang='lat' dir='ltr'>pugna</span> 
     </span>
    </p>
   </div>
   <div class='ocr_carea' id='block_1_4' title="bbox 159 804 1976 937">
    <p class='ocr_par' dir='ltr' id='par_1_4' title="bbox 159 804 1976 937">
     <span class='ocr_line' id='line_1_10' title="bbox 159 804 1976 868; baseline 0.006 -22"><span class='ocrx_word' id='word_1_62' title='bbox 159 804 323 847; x_wconf 86' lang='lat' dir='ltr'>Vertex</span> <span class='ocrx_word' id='word_1_63' title='bbox 361 806 484 848; x_wconf 85' lang='lat' dir='ltr'>locus</span> <span class='ocrx_word' id='word_1_64' title='bbox 521 805 567 848; x_wconf 89' lang='lat' dir='ltr'>in</span> <span class='ocrx_word' id='word_1_65' title='bbox 607 806 717 847; x_wconf 86' lang='lat' dir='ltr'>mari</span> <span class='ocrx_word' id='word_1_66' title='bbox 756 805 826 848; x_wconf 91' lang='lat' dir='ltr'>uel</span> <span class='ocrx_word' id='word_1_67' title='bbox 858 807 904 848; x_wconf 91' lang='lat' dir='ltr'>in</span> <span class='ocrx_word' id='word_1_68' title='bbox 944 807 1020 848; x_wconf 85' lang='lat' dir='ltr'>flu·</span> <span class='ocrx_word' id='word_1_69' title='bbox 1059 806 1260 849; x_wconf 84' lang='lat' dir='ltr'>Viburna</span> <span class='ocrx_word' id='word_1_70' title='bbox 1280 808 1464 850; x_wconf 87' lang='lat' dir='ltr'>humilia</span> <span class='ocrx_word' id='word_1_71' title='bbox 1484 810 1680 866; x_wconf 88' lang='lat' dir='ltr'>uirgulta</span> <span class='ocrx_word' id='word_1_72' title='bbox 1701 815 1744 853; x_wconf 87' lang='lat' dir='ltr'>et</span> <span class='ocrx_word' id='word_1_73' title='bbox 1765 827 1920 868; x_wconf 79' lang='lat' dir='ltr'>genere</span> <span class='ocrx_word' id='word_1_74' title='bbox 1942 825 1976 850; x_wconf 81' lang='lat'>25</span> 
     </span>
     <span class='ocr_line' id='line_1_11' title="bbox 218 876 1834 937; baseline 0.005 -19"><span class='ocrx_word' id='word_1_75' title='bbox 218 876 1021 934; x_wconf 80' lang='lat' dir='ltr'>minerapacissimaspropriaeautem</span> <span class='ocrx_word' id='word_1_76' title='bbox 1119 882 1163 922; x_wconf 89' lang='lat' dir='ltr'>et</span> <span class='ocrx_word' id='word_1_77' title='bbox 1194 880 1337 922; x_wconf 84' lang='lat' dir='ltr'>forma</span> <span class='ocrx_word' id='word_1_78' title='bbox 1369 896 1394 922; x_wconf 87' lang='lat' dir='ltr'>a</span> <span class='ocrx_word' id='word_1_79' title='bbox 1427 897 1631 937; x_wconf 77' lang='lat' dir='ltr'>cupresso</span> <span class='ocrx_word' id='word_1_80' title='bbox 1665 887 1834 926; x_wconf 88' lang='lat' dir='ltr'>remota</span> 
     </span>
    </p>
   </div>
   <div class='ocr_carea' id='block_1_5' title="bbox 102 950 1920 1501">
    <p class='ocr_par' dir='ltr' id='par_1_5' title="bbox 158 950 1920 1079">
     <span class='ocr_line' id='line_1_12' title="bbox 217 950 1920 1012; baseline 0.005 -21"><span class='ocrx_word' id='word_1_81' title='bbox 217 952 286 991; x_wconf 88' lang='lat' dir='ltr'>est</span> <span class='ocrx_word' id='word_1_82' title='bbox 317 953 470 992; x_wconf 87' lang='lat' dir='ltr'>uertex</span> <span class='ocrx_word' id='word_1_83' title='bbox 502 951 640 1005; x_wconf 85' lang='lat' dir='ltr'>kaput</span> <span class='ocrx_word' id='word_1_84' title='bbox 671 950 862 993; x_wconf 84' lang='lat' dir='ltr'>hominis</span> <span class='ocrx_word' id='word_1_85' title='bbox 1058 950 1283 994; x_wconf 85' lang='lat' dir='ltr'>Viburnus</span> <span class='ocrx_word' id='word_1_86' title='bbox 1311 967 1471 1008; x_wconf 85' lang='lat' dir='ltr'>genera</span> <span class='ocrx_word' id='word_1_87' title='bbox 1498 958 1600 996; x_wconf 88' lang='lat' dir='ltr'>sunt</span> <span class='ocrx_word' id='word_1_88' title='bbox 1626 955 1920 1012; x_wconf 87' lang='lat' dir='ltr'>uirgultorum</span> 
     </span>
     <span class='ocr_line' id='line_1_13' title="bbox 158 1020 1643 1079; baseline 0.002 -16"><span class='ocrx_word' id='word_1_89' title='bbox 158 1020 323 1063; x_wconf 86' lang='lat' dir='ltr'>Vertex</span> <span class='ocrx_word' id='word_1_90' title='bbox 357 1038 406 1064; x_wconf 87' lang='lat' dir='ltr'>ea</span> <span class='ocrx_word' id='word_1_91' title='bbox 439 1037 538 1077; x_wconf 86' lang='lat' dir='ltr'>pars</span> <span class='ocrx_word' id='word_1_92' title='bbox 567 1025 632 1064; x_wconf 89' lang='lat' dir='ltr'>est</span> <span class='ocrx_word' id='word_1_93' title='bbox 662 1037 747 1078; x_wconf 91' lang='lat' dir='ltr'>qua</span> <span class='ocrx_word' id='word_1_94' title='bbox 774 1024 920 1079; x_wconf 88' lang='lat' dir='ltr'>capilli</span> <span class='ocrx_word' id='word_1_95' title='bbox 946 1025 1019 1066; x_wconf 84' lang='lat' dir='ltr'>ka·</span> <span class='ocrx_word' id='word_1_96' title='bbox 1117 1023 1350 1066; x_wconf 86' lang='lat' dir='ltr'>humilium</span> <span class='ocrx_word' id='word_1_97' title='bbox 1620 1071 1643 1077; x_wconf 28' lang='lat' dir='ltr'>w</span> 
     </span>
    </p>

    <p class='ocr_par' dir='ltr' id='par_1_6' title="bbox 213 1093 1920 1151">
     <span class='ocr_line' id='line_1_14' title="bbox 213 1093 1920 1151; baseline 0.005 -15"><span class='ocrx_word' id='word_1_98' title='bbox 213 1094 321 1149; x_wconf 83' lang='lat' dir='ltr'>pitis</span> <span class='ocrx_word' id='word_1_99' title='bbox 356 1095 625 1151; x_wconf 87' lang='lat' dir='ltr'>colliguntur</span> <span class='ocrx_word' id='word_1_100' title='bbox 656 1098 699 1137; x_wconf 91' lang='lat' dir='ltr'>et</span> <span class='ocrx_word' id='word_1_101' title='bbox 732 1095 777 1136; x_wconf 90' lang='lat' dir='ltr'>in</span> <span class='ocrx_word' id='word_1_102' title='bbox 809 1110 922 1151; x_wconf 86' lang='lat' dir='ltr'>aqua</span> <span class='ocrx_word' id='word_1_103' title='bbox 948 1111 1018 1138; x_wconf 89' lang='lat' dir='ltr'>ces</span> <span class='ocrx_word' id='word_1_104' title='bbox 1058 1093 1285 1137; x_wconf 88' lang='lat' dir='ltr'>Vicorium</span> <span class='ocrx_word' id='word_1_105' title='bbox 1318 1099 1362 1138; x_wconf 89' lang='lat' dir='ltr'>et</span> <span class='ocrx_word' id='word_1_106' title='bbox 1401 1098 1569 1140; x_wconf 86' lang='lat' dir='ltr'>cistifer</span> <span class='ocrx_word' id='word_1_107' title='bbox 1600 1100 1780 1142; x_wconf 90' lang='lat' dir='ltr'>nomina</span> <span class='ocrx_word' id='word_1_108' title='bbox 1818 1106 1920 1144; x_wconf 89' lang='lat' dir='ltr'>sunt</span> 
     </span>
    </p>

    <p class='ocr_par' dir='ltr' id='par_1_7' title="bbox 153 1167 1918 1368">
     <span class='ocr_line' id='line_1_15' title="bbox 215 1167 1916 1223; baseline 0.002 -14"><span class='ocrx_word' id='word_1_109' title='bbox 215 1167 326 1221; x_wconf 73' lang='lat' dir='ltr'>aries</span> <span class='ocrx_word' id='word_1_110' title='bbox 360 1167 549 1209; x_wconf 89' lang='lat' dir='ltr'>uertitur</span> <span class='ocrx_word' id='word_1_111' title='bbox 1117 1168 1398 1211; x_wconf 88' lang='lat' dir='ltr'>metallorum</span> <span class='ocrx_word' id='word_1_112' title='bbox 1913 1220 1916 1223; x_wconf 25' lang='lat'><em>¹</em></span> 
     </span>
     <span class='ocr_line' id='line_1_16' title="bbox 153 1237 1918 1302; baseline 0.005 -22"><span class='ocrx_word' id='word_1_113' title='bbox 153 1237 387 1281; x_wconf 72' lang='lat' dir='ltr'>Vestibula</span> <span class='ocrx_word' id='word_1_114' title='bbox 418 1239 652 1282; x_wconf 88' lang='lat' dir='ltr'>uestibella</span> <span class='ocrx_word' id='word_1_115' title='bbox 1057 1238 1310 1282; x_wconf 87' lang='lat' dir='ltr'>Victantem</span> <span class='ocrx_word' id='word_1_116' title='bbox 1336 1241 1560 1284; x_wconf 87' lang='lat' dir='ltr'>uiuentem</span> <span class='ocrx_word' id='word_1_117' title='bbox 1586 1243 1774 1286; x_wconf 85' lang='lat' dir='ltr'>nitidum</span> <span class='ocrx_word' id='word_1_118' title='bbox 1800 1246 1918 1302; x_wconf 88' lang='lat' dir='ltr'>leges</span> 
     </span>
     <span class='ocr_line' id='line_1_17' title="bbox 153 1305 1918 1368; baseline 0.005 -16"><span class='ocrx_word' id='word_1_119' title='bbox 153 1308 428 1368; x_wconf 74' lang='lat' dir='ltr'>Vertibula2)</span> <span class='ocrx_word' id='word_1_120' title='bbox 463 1312 658 1354; x_wconf 81' lang='lat' dir='ltr'>cardines</span> <span class='ocrx_word' id='word_1_121' title='bbox 1115 1305 1184 1354; x_wconf 81' lang='lat' dir='ltr'>uel</span> <span class='ocrx_word' id='word_1_122' title='bbox 1219 1316 1295 1355; x_wconf 90' lang='lat' dir='ltr'>tuo</span> <span class='ocrx_word' id='word_1_123' title='bbox 1329 1326 1374 1355; x_wconf 90' lang='lat' dir='ltr'>se</span> <span class='ocrx_word' id='word_1_124' title='bbox 1407 1314 1646 1357; x_wconf 88' lang='lat' dir='ltr'>uictantem</span> <span class='ocrx_word' id='word_1_125' title='bbox 1676 1317 1840 1359; x_wconf 86' lang='lat' dir='ltr'>dictum</span> <span class='ocrx_word' id='word_1_126' title='bbox 1868 1319 1918 1361; x_wconf 88' lang='lat' dir='ltr'>de</span> 
     </span>
    </p>

    <p class='ocr_par' dir='ltr' id='par_1_8' title="bbox 102 1382 1445 1501">
     <span class='ocr_line' id='line_1_18' title="bbox 102 1382 1277 1427; baseline 0.003 -4"><span class='ocrx_word' id='word_1_127' title='bbox 102 1397 135 1422; x_wconf 88' lang='lat'>10</span> <span class='ocrx_word' id='word_1_128' title='bbox 155 1382 340 1426; x_wconf 87' lang='lat' dir='ltr'>Verueis</span> <span class='ocrx_word' id='word_1_129' title='bbox 372 1385 525 1427; x_wconf 87' lang='lat' dir='ltr'>uiridis</span> <span class='ocrx_word' id='word_1_130' title='bbox 561 1384 790 1426; x_wconf 82' lang='lat' dir='ltr'>frondibus</span> <span class='ocrx_word' id='word_1_131' title='bbox 825 1384 917 1427; x_wconf 89' lang='lat' dir='ltr'>siue</span> <span class='ocrx_word' id='word_1_132' title='bbox 950 1399 1018 1427; x_wconf 90' lang='lat' dir='ltr'>co·</span> <span class='ocrx_word' id='word_1_133' title='bbox 1115 1384 1277 1427; x_wconf 89' lang='lat' dir='ltr'>femina</span> 
     </span>
     <span class='ocr_line' id='line_1_19' title="bbox 213 1455 1445 1501; baseline 0.003 -4"><span class='ocrx_word' id='word_1_134' title='bbox 213 1471 322 1498; x_wconf 89' lang='lat' dir='ltr'>rona</span> <span class='ocrx_word' id='word_1_135' title='bbox 354 1471 405 1498; x_wconf 84' lang='lat' dir='ltr'>ex</span> <span class='ocrx_word' id='word_1_136' title='bbox 437 1457 594 1499; x_wconf 86' lang='lat' dir='ltr'>frutice</span> <span class='ocrx_word' id='word_1_137' title='bbox 627 1457 758 1500; x_wconf 88' lang='lat' dir='ltr'>uiridi</span> <span class='ocrx_word' id='word_1_138' title='bbox 1056 1455 1249 1498; x_wconf 89' lang='lat' dir='ltr'>Viduata</span> <span class='ocrx_word' id='word_1_139' title='bbox 1280 1458 1445 1501; x_wconf 87' lang='lat' dir='ltr'>nudata</span> 
     </span>
    </p>
   </div>
   <div class='ocr_carea' id='block_1_6' title="bbox 152 1526 1972 1876">
    <p class='ocr_par' dir='ltr' id='par_1_9' title="bbox 154 1526 1972 1735">
     <span class='ocr_line' id='line_1_20' title="bbox 154 1526 1972 1590; baseline 0.004 -21"><span class='ocrx_word' id='word_1_140' title='bbox 154 1526 311 1570; x_wconf 88' lang='lat' dir='ltr'>Veruti</span> <span class='ocrx_word' id='word_1_141' title='bbox 344 1543 450 1585; x_wconf 86' lang='lat' dir='ltr'>gens</span> <span class='ocrx_word' id='word_1_142' title='bbox 485 1545 510 1571; x_wconf 90' lang='lat' dir='ltr'>a</span> <span class='ocrx_word' id='word_1_143' title='bbox 542 1544 699 1586; x_wconf 79' lang='lat' dir='ltr'>genere</span> <span class='ocrx_word' id='word_1_144' title='bbox 727 1530 835 1571; x_wconf 87' lang='lat' dir='ltr'>caeli</span> <span class='ocrx_word' id='word_1_145' title='bbox 862 1529 1016 1572; x_wconf 87' lang='lat' dir='ltr'>nouati</span> <span class='ocrx_word' id='word_1_146' title='bbox 1056 1527 1221 1571; x_wconf 91' lang='lat' dir='ltr'>Vilicat</span> <span class='ocrx_word' id='word_1_147' title='bbox 1254 1530 1405 1573; x_wconf 88' lang='lat' dir='ltr'>uillam</span> <span class='ocrx_word' id='word_1_148' title='bbox 1440 1533 1533 1588; x_wconf 87' lang='lat' dir='ltr'>agit</span> <span class='ocrx_word' id='word_1_149' title='bbox 1566 1533 1636 1575; x_wconf 86' lang='lat' dir='ltr'>uel</span> <span class='ocrx_word' id='word_1_150' title='bbox 1671 1534 1841 1590; x_wconf 74' lang='lat' dir='ltr'>colligit</span> <span class='ocrx_word' id='word_1_151' title='bbox 1938 1548 1972 1571; x_wconf 86' lang='lat'>30</span> 
     </span>
     <span class='ocr_line' id='line_1_21' title="bbox 212 1600 1729 1662; baseline 0.003 -20"><span class='ocrx_word' id='word_1_152' title='bbox 212 1600 258 1642; x_wconf 89' lang='lat' dir='ltr'>in</span> <span class='ocrx_word' id='word_1_153' title='bbox 279 1616 364 1657; x_wconf 87' lang='lat' dir='ltr'>quo</span> <span class='ocrx_word' id='word_1_154' title='bbox 385 1601 550 1644; x_wconf 84' lang='lat' dir='ltr'>ferrum</span> <span class='ocrx_word' id='word_1_155' title='bbox 574 1602 762 1644; x_wconf 89' lang='lat' dir='ltr'>solidum</span> <span class='ocrx_word' id='word_1_156' title='bbox 783 1605 850 1644; x_wconf 89' lang='lat' dir='ltr'>est</span> <span class='ocrx_word' id='word_1_157' title='bbox 875 1603 1015 1657; x_wconf 87' lang='lat' dir='ltr'>adque</span> <span class='ocrx_word' id='word_1_158' title='bbox 1055 1600 1221 1643; x_wconf 86' lang='lat' dir='ltr'>Vilicat</span> <span class='ocrx_word' id='word_1_159' title='bbox 1254 1602 1450 1646; x_wconf 87' lang='lat' dir='ltr'>officium</span> <span class='ocrx_word' id='word_1_160' title='bbox 1482 1605 1603 1647; x_wconf 88' lang='lat' dir='ltr'>uilici</span> <span class='ocrx_word' id='word_1_161' title='bbox 1637 1607 1729 1662; x_wconf 86' lang='lat' dir='ltr'>agit</span> 
     </span>
     <span class='ocr_line' id='line_1_22' title="bbox 213 1673 1868 1735; baseline 0.003 -20"><span class='ocrx_word' id='word_1_162' title='bbox 213 1674 475 1728; x_wconf 88' lang='lat' dir='ltr'>productum</span> <span class='ocrx_word' id='word_1_163' title='bbox 1055 1673 1245 1716; x_wconf 83' lang='lat' dir='ltr'>Vilicare</span> <span class='ocrx_word' id='word_1_164' title='bbox 1279 1675 1398 1718; x_wconf 89' lang='lat' dir='ltr'>uilici</span> <span class='ocrx_word' id='word_1_165' title='bbox 1433 1676 1628 1719; x_wconf 85' lang='lat' dir='ltr'>officium</span> <span class='ocrx_word' id='word_1_166' title='bbox 1661 1693 1868 1735; x_wconf 75' lang='lat' dir='ltr'>peragere</span> 
     </span>
    </p>

    <p class='ocr_par' dir='ltr' id='par_1_10' title="bbox 158 1744 1736 1803">
     <span class='ocr_line' id='line_1_23' title="bbox 158 1744 1736 1803; baseline 0.003 -17"><span class='ocrx_word' id='word_1_167' title='bbox 158 1744 379 1801; x_wconf 88' lang='lat' dir='ltr'>Vespellio</span> <span class='ocrx_word' id='word_1_168' title='bbox 413 1747 715 1802; x_wconf 82' lang='lat' dir='ltr'>sepulcrorum</span> <span class='ocrx_word' id='word_1_169' title='bbox 747 1747 943 1789; x_wconf 89' lang='lat' dir='ltr'>uiolatur</span> <span class='ocrx_word' id='word_1_170' title='bbox 1053 1745 1222 1788; x_wconf 85' lang='lat' dir='ltr'>Vilicus</span> <span class='ocrx_word' id='word_1_171' title='bbox 1257 1750 1380 1790; x_wconf 87' lang='lat' dir='ltr'>actor</span> <span class='ocrx_word' id='word_1_172' title='bbox 1413 1748 1538 1803; x_wconf 88' lang='lat' dir='ltr'>quasi</span> <span class='ocrx_word' id='word_1_173' title='bbox 1571 1749 1625 1790; x_wconf 89' lang='lat' dir='ltr'>ab</span> <span class='ocrx_word' id='word_1_174' title='bbox 1659 1750 1736 1791; x_wconf 88' lang='lat' dir='ltr'>illa</span> 
     </span>
    </p>

    <p class='ocr_par' dir='ltr' id='par_1_11' title="bbox 152 1815 1917 1876">
     <span class='ocr_line' id='line_1_24' title="bbox 152 1815 1917 1876; baseline 0.005 -18"><span class='ocrx_word' id='word_1_175' title='bbox 152 1815 436 1873; x_wconf 87' lang='lat' dir='ltr'>Vesperascit</span> <span class='ocrx_word' id='word_1_176' title='bbox 463 1819 515 1860; x_wconf 90' lang='lat' dir='ltr'>ad</span> <span class='ocrx_word' id='word_1_177' title='bbox 542 1819 625 1862; x_wconf 87' lang='lat' dir='ltr'>hoc</span> <span class='ocrx_word' id='word_1_178' title='bbox 653 1834 802 1861; x_wconf 82' lang='lat' dir='ltr'>casum</span> <span class='ocrx_word' id='word_1_179' title='bbox 828 1819 1019 1861; x_wconf 80' lang='lat' dir='ltr'>declinat</span> <span class='ocrx_word' id='word_1_180' title='bbox 1051 1817 1193 1860; x_wconf 86' lang='lat' dir='ltr'>Villos</span> <span class='ocrx_word' id='word_1_181' title='bbox 1236 1820 1422 1874; x_wconf 83' lang='lat' dir='ltr'>grandes</span> <span class='ocrx_word' id='word_1_182' title='bbox 1466 1821 1638 1876; x_wconf 85' lang='lat' dir='ltr'>generis</span> <span class='ocrx_word' id='word_1_183' title='bbox 1684 1823 1917 1866; x_wconf 81' lang='lat' dir='ltr'>masculini</span> 
     </span>
    </p>
   </div>
   <div class='ocr_carea' id='block_1_7' title="bbox 99 1888 1972 2458">
    <p class='ocr_par' dir='ltr' id='par_1_12' title="bbox 99 1888 1972 2458">
     <span class='ocr_line' id='line_1_25' title="bbox 152 1888 1720 1947; baseline 0.003 -16"><span class='ocrx_word' id='word_1_184' title='bbox 152 1888 499 1945; x_wconf 88' lang='lat' dir='ltr'>Vesperascente</span> <span class='ocrx_word' id='word_1_185' title='bbox 533 1891 600 1933; x_wconf 87' lang='lat' dir='ltr'>die</span> <span class='ocrx_word' id='word_1_186' title='bbox 634 1906 814 1947; x_wconf 81' lang='lat' dir='ltr'>uespere</span> <span class='ocrx_word' id='word_1_187' title='bbox 853 1892 1014 1934; x_wconf 85' lang='lat' dir='ltr'>incum-</span> <span class='ocrx_word' id='word_1_188' title='bbox 1113 1891 1278 1933; x_wconf 84' lang='lat' dir='ltr'>uellera</span> <span class='ocrx_word' id='word_1_189' title='bbox 1311 1907 1336 1933; x_wconf 90' lang='lat' dir='ltr'>a</span> <span class='ocrx_word' id='word_1_190' title='bbox 1368 1892 1568 1935; x_wconf 86' lang='lat' dir='ltr'>uellendo</span> <span class='ocrx_word' id='word_1_191' title='bbox 1603 1894 1720 1936; x_wconf 83' lang='lat' dir='ltr'>dicta</span> 
     </span>
     <span class='ocr_line' id='line_1_26' title="bbox 212 1962 1972 2023; baseline 0.003 -19"><span class='ocrx_word' id='word_1_192' title='bbox 212 1962 345 2005; x_wconf 87' lang='lat' dir='ltr'>bante</span> <span class='ocrx_word' id='word_1_193' title='bbox 1054 1962 1233 2005; x_wconf 88' lang='lat' dir='ltr'>Vinitor</span> <span class='ocrx_word' id='word_1_194' title='bbox 1259 1963 1411 2006; x_wconf 88' lang='lat' dir='ltr'>uineae</span> <span class='ocrx_word' id='word_1_195' title='bbox 1439 1968 1584 2008; x_wconf 87' lang='lat' dir='ltr'>castus</span> <span class='ocrx_word' id='word_1_196' title='bbox 1612 1966 1814 2023; x_wconf 86' lang='lat' dir='ltr'>uirgilius</span> <span class='ocrx_word' id='word_1_197' title='bbox 1842 1972 1918 2011; x_wconf 87' lang='lat' dir='ltr'>aut</span> <span class='ocrx_word' id='word_1_198' title='bbox 1939 1980 1972 2005; x_wconf 80' lang='lat'>35</span> 
     </span>
     <span class='ocr_line' id='line_1_27' title="bbox 99 2033 1635 2090; baseline 0.003 -16"><span class='ocrx_word' id='word_1_199' title='bbox 99 2047 133 2072; x_wconf 82' lang='lat'>15</span> <span class='ocrx_word' id='word_1_200' title='bbox 151 2033 433 2090; x_wconf 85' lang='lat' dir='ltr'>Vesperescit</span> <span class='ocrx_word' id='word_1_201' title='bbox 466 2050 561 2078; x_wconf 89' lang='lat' dir='ltr'>sero</span> <span class='ocrx_word' id='word_1_202' title='bbox 594 2036 646 2078; x_wconf 87' lang='lat' dir='ltr'>fit</span> <span class='ocrx_word' id='word_1_203' title='bbox 1115 2038 1293 2078; x_wconf 84' lang='lat' dir='ltr'>coatura</span> <span class='ocrx_word' id='word_1_204' title='bbox 1326 2036 1492 2080; x_wconf 87' lang='lat' dir='ltr'>uinitor</span> <span class='ocrx_word' id='word_1_205' title='bbox 1524 2053 1635 2080; x_wconf 88' lang='lat' dir='ltr'>uuae</span> 
     </span>
     <span class='ocr_line' id='line_1_28' title="bbox 155 2106 1915 2167; baseline 0.004 -19"><span class='ocrx_word' id='word_1_206' title='bbox 155 2106 288 2149; x_wconf 87' lang='lat' dir='ltr'>Vesta</span> <span class='ocrx_word' id='word_1_207' title='bbox 315 2108 394 2150; x_wconf 88' lang='lat' dir='ltr'>dea</span> <span class='ocrx_word' id='word_1_208' title='bbox 425 2123 697 2165; x_wconf 87' lang='lat' dir='ltr'>paganorum</span> <span class='ocrx_word' id='word_1_209' title='bbox 729 2109 856 2165; x_wconf 87' lang='lat' dir='ltr'>uirgo</span> <span class='ocrx_word' id='word_1_210' title='bbox 886 2109 1014 2151; x_wconf 89' lang='lat' dir='ltr'>nudis</span> <span class='ocrx_word' id='word_1_211' title='bbox 1053 2107 1283 2161; x_wconf 67' lang='lat' dir='ltr'>Viocorus,</span> <span class='ocrx_word' id='word_1_212' title='bbox 1301 2123 1461 2152; x_wconf 89' lang='lat' dir='ltr'>nomen</span> <span class='ocrx_word' id='word_1_213' title='bbox 1493 2110 1639 2166; x_wconf 89' lang='lat' dir='ltr'>aliquo</span> <span class='ocrx_word' id='word_1_214' title='bbox 1671 2112 1915 2167; x_wconf 88' lang='lat' dir='ltr'>appellatus</span> 
     </span>
     <span class='ocr_line' id='line_1_29' title="bbox 212 2179 1917 2240; baseline 0.004 -19"><span class='ocrx_word' id='word_1_215' title='bbox 212 2179 507 2223; x_wconf 89' lang='lat' dir='ltr'>salutantibus</span> <span class='ocrx_word' id='word_1_216' title='bbox 1052 2180 1134 2223; x_wconf 92' lang='lat' dir='ltr'>Vir</span> <span class='ocrx_word' id='word_1_217' title='bbox 1176 2197 1201 2223; x_wconf 93' lang='lat' dir='ltr'>a</span> <span class='ocrx_word' id='word_1_218' title='bbox 1241 2182 1406 2225; x_wconf 89' lang='lat' dir='ltr'>uirtute</span> <span class='ocrx_word' id='word_1_219' title='bbox 1450 2197 1611 2225; x_wconf 87' lang='lat' dir='ltr'>nomen</span> <span class='ocrx_word' id='word_1_220' title='bbox 1655 2185 1824 2240; x_wconf 88' lang='lat' dir='ltr'>accepit</span> <span class='ocrx_word' id='word_1_221' title='bbox 1868 2189 1917 2228; x_wconf 90' lang='lat' dir='ltr'>ut</span> 
     </span>
     <span class='ocr_line' id='line_1_30' title="bbox 152 2249 1916 2311; baseline 0.003 -18"><span class='ocrx_word' id='word_1_222' title='bbox 152 2249 313 2293; x_wconf 89' lang='lat' dir='ltr'>Vestas</span> <span class='ocrx_word' id='word_1_223' title='bbox 360 2253 484 2307; x_wconf 86' lang='lat' dir='ltr'>quasi</span> <span class='ocrx_word' id='word_1_224' title='bbox 533 2269 693 2296; x_wconf 86' lang='lat' dir='ltr'>nomen</span> <span class='ocrx_word' id='word_1_225' title='bbox 743 2254 858 2311; x_wconf 87' lang='lat' dir='ltr'>ignis</span> <span class='ocrx_word' id='word_1_226' title='bbox 905 2269 1014 2310; x_wconf 81' lang='lat' dir='ltr'>quae</span> <span class='ocrx_word' id='word_1_227' title='bbox 1112 2269 1242 2297; x_wconf 91' lang='lat' dir='ltr'>uarro</span> <span class='ocrx_word' id='word_1_228' title='bbox 1288 2255 1415 2297; x_wconf 84' lang='lat' dir='ltr'>docet</span> <span class='ocrx_word' id='word_1_229' title='bbox 1454 2255 1568 2298; x_wconf 88' lang='lat' dir='ltr'>sicut</span> <span class='ocrx_word' id='word_1_230' title='bbox 1607 2258 1650 2298; x_wconf 91' lang='lat' dir='ltr'>et</span> <span class='ocrx_word' id='word_1_231' title='bbox 1695 2257 1852 2298; x_wconf 87' lang='lat' dir='ltr'>mulier</span> <span class='ocrx_word' id='word_1_232' title='bbox 1893 2273 1916 2300; x_wconf 89' lang='lat' dir='ltr'>a</span> 
     </span>
     <span class='ocr_line' id='line_1_31' title="bbox 212 2323 1917 2383; baseline 0.004 -18"><span class='ocrx_word' id='word_1_233' title='bbox 212 2323 460 2378; x_wconf 74' lang='lat' dir='ltr'>celebratur</span> <span class='ocrx_word' id='word_1_234' title='bbox 490 2341 614 2368; x_wconf 85' lang='lat' dir='ltr'>roma</span> <span class='ocrx_word' id='word_1_235' title='bbox 1113 2326 1326 2369; x_wconf 87' lang='lat' dir='ltr'>mollitiae</span> <span class='ocrx_word' id='word_1_236' title='bbox 1371 2329 1598 2383; x_wconf 85' lang='lat' dir='ltr'>tamquam</span> <span class='ocrx_word' id='word_1_237' title='bbox 1646 2328 1803 2371; x_wconf 87' lang='lat' dir='ltr'>mulier</span> <span class='ocrx_word' id='word_1_238' title='bbox 1849 2330 1917 2372; x_wconf 85' lang='lat' dir='ltr'>de-</span> 
     </span>
     <span class='ocr_line' id='line_1_32' title="bbox 152 2394 1915 2458; baseline 0.004 -21"><span class='ocrx_word' id='word_1_239' title='bbox 152 2394 400 2438; x_wconf 83' lang='lat' dir='ltr'>Vestiarius</span> <span class='ocrx_word' id='word_1_240' title='bbox 435 2397 509 2453; x_wconf 89' lang='lat' dir='ltr'>qui</span> <span class='ocrx_word' id='word_1_241' title='bbox 542 2399 739 2441; x_wconf 89' lang='lat' dir='ltr'>uestibus</span> <span class='ocrx_word' id='word_1_242' title='bbox 773 2402 919 2454; x_wconf 89' lang='lat' dir='ltr'>preest</span> <span class='ocrx_word' id='word_1_243' title='bbox 1114 2401 1259 2441; x_wconf 83' lang='lat' dir='ltr'>tracta</span> <span class='ocrx_word' id='word_1_244' title='bbox 1291 2399 1441 2441; x_wconf 83' lang='lat' dir='ltr'>littera</span> <span class='ocrx_word' id='word_1_245' title='bbox 1467 2400 1535 2442; x_wconf 91' lang='lat' dir='ltr'>uel</span> <span class='ocrx_word' id='word_1_246' title='bbox 1568 2403 1740 2443; x_wconf 87' lang='lat' dir='ltr'>mutata</span> <span class='ocrx_word' id='word_1_247' title='bbox 1772 2403 1915 2458; x_wconf 84' lang='lat' dir='ltr'>appel-</span> 
     </span>
    </p>
   </div>
   <div class='ocr_carea' id='block_1_8' title="bbox 249 2526 1404 2575">
    <p class='ocr_par' dir='ltr' id='par_1_13' title="bbox 249 2526 1404 2575">
     <span class='ocr_line' id='line_1_33' title="bbox 249 2526 1404 2575; baseline 0.004 -14"><span class='ocrx_word' id='word_1_248' title='bbox 249 2529 283 2572; x_wconf 92' lang='lat'>1)</span> <span class='ocrx_word' id='word_1_249' title='bbox 315 2526 608 2563; x_wconf 81' lang='lat' dir='ltr'>uerris—-uires</span> <span class='ocrx_word' id='word_1_250' title='bbox 633 2530 719 2565; x_wconf 80' lang='lat' dir='ltr'>add.</span> <span class='ocrx_word' id='word_1_251' title='bbox 747 2532 830 2565; x_wconf 76' lang='lat' dir='ltr'>m.2</span> <span class='ocrx_word' id='word_1_252' title='bbox 861 2531 873 2575; x_wconf 84' lang='lat' dir='ltr'>ss</span> <span class='ocrx_word' id='word_1_253' title='bbox 905 2530 941 2575; x_wconf 76' lang='lat'>2)</span> <span class='ocrx_word' id='word_1_254' title='bbox 974 2541 992 2563; x_wconf 89' lang='lat' dir='ltr'>r</span> <span class='ocrx_word' id='word_1_255' title='bbox 1013 2541 1085 2575; x_wconf 76' lang='lat' dir='ltr'>pro</span> <span class='ocrx_word' id='word_1_256' title='bbox 1113 2541 1128 2563; x_wconf 84' lang='lat' dir='ltr'>s</span> <span class='ocrx_word' id='word_1_257' title='bbox 1155 2532 1241 2564; x_wconf 75' lang='lat' dir='ltr'>m.2</span> <span class='ocrx_word' id='word_1_258' title='bbox 1267 2540 1358 2566; x_wconf 83' lang='lat' dir='ltr'>corr.</span> <span class='ocrx_word' id='word_1_259' title='bbox 1392 2532 1404 2575; x_wconf 78' lang='grc' dir='ltr'>ΙΙ</span> 
     </span>
    </p>
   </div>
   <div class='ocr_carea' id='block_1_9' title="bbox 225 2603 439 2607">
    <p class='ocr_par' dir='ltr' id='par_1_14' title="bbox 225 2603 439 2607">
     <span class='ocr_line' id='line_1_34' title="bbox 225 2603 439 2607; baseline 0 0"><span class='ocrx_word' id='word_1_260' title='bbox 225 2603 439 2607; x_wconf 95' lang='lat' dir='ltr'> </span> 
     </span>
    </p>
   </div>
   <div class='ocr_carea' id='block_1_10' title="bbox 149 2647 1965 3175">
    <p class='ocr_par' dir='ltr' id='par_1_15' title="bbox 149 2647 1965 3175">
     <span class='ocr_line' id='line_1_35' title="bbox 247 2647 1913 2700; baseline 0.004 -19"><span class='ocrx_word' id='word_1_261' title='bbox 247 2651 278 2683; x_wconf 92' lang='grc'>1.</span> <span class='ocrx_word' id='word_1_262' title='bbox 304 2647 579 2683; x_wconf 83' lang='lat' dir='ltr'>beatiuolentia</span> <span class='ocrx_word' id='word_1_263' title='bbox 598 2661 643 2685; x_wconf 82' lang='lat' dir='ltr'>m.</span> <span class='ocrx_word' id='word_1_264' title='bbox 659 2652 692 2693; x_wconf 85' lang='lat'>1,</span> <span class='ocrx_word' id='word_1_265' title='bbox 713 2648 973 2685; x_wconf 87' lang='lat' dir='ltr'>beniuolentia</span> <span class='ocrx_word' id='word_1_266' title='bbox 992 2662 1036 2686; x_wconf 83' lang='lat' dir='ltr'>m.</span> <span class='ocrx_word' id='word_1_267' title='bbox 1053 2653 1075 2685; x_wconf 77' lang='lat'><em>4</em></span> <span class='ocrx_word' id='word_1_268' title='bbox 1095 2652 1106 2696; x_wconf 84' lang='grc' dir='ltr'>ΙΙ</span> <span class='ocrx_word' id='word_1_269' title='bbox 1132 2654 1163 2686; x_wconf 80' lang='grc'>2.</span> <span class='ocrx_word' id='word_1_270' title='bbox 1185 2654 1270 2696; x_wconf 75' lang='lat' dir='ltr'>post</span> <span class='ocrx_word' id='word_1_271' title='bbox 1289 2661 1424 2695; x_wconf 84' lang='lat' dir='ltr'>porcus</span> <span class='ocrx_word' id='word_1_272' title='bbox 1444 2662 1523 2686; x_wconf 72' lang='lat' dir='ltr'>nov.</span> <span class='ocrx_word' id='word_1_273' title='bbox 1543 2651 1590 2698; x_wconf 71' lang='lat'>92.</span> <span class='ocrx_word' id='word_1_274' title='bbox 1613 2653 1683 2688; x_wconf 71' lang='lat' dir='ltr'>inc.</span> <span class='ocrx_word' id='word_1_275' title='bbox 1708 2654 1714 2697; x_wconf 83' lang='lat'>1</span> <span class='ocrx_word' id='word_1_276' title='bbox 1737 2652 1880 2688; x_wconf 87' lang='lat' dir='ltr'>habeat</span> <span class='ocrx_word' id='word_1_277' title='bbox 1902 2654 1913 2700; x_wconf 74' lang='grc' dir='ltr'>Η</span> 
     </span>
     <span class='ocr_line' id='line_1_36' title="bbox 150 2707 1906 2758; baseline 0.003 -17"><span class='ocrx_word' id='word_1_278' title='bbox 150 2710 181 2742; x_wconf 84' lang='grc'>5.</span> <span class='ocrx_word' id='word_1_279' title='bbox 208 2707 361 2743; x_wconf 74' lang='lat' dir='ltr'>Vei-nile</span> <span class='ocrx_word' id='word_1_280' title='bbox 398 2710 410 2754; x_wconf 79' lang='grc' dir='ltr'>ΙΙ</span> <span class='ocrx_word' id='word_1_281' title='bbox 449 2712 479 2745; x_wconf 85' lang='grc'>6.</span> <span class='ocrx_word' id='word_1_282' title='bbox 507 2709 775 2755; x_wconf 86' lang='lat' dir='ltr'>rapacissimus</span> <span class='ocrx_word' id='word_1_283' title='bbox 799 2713 802 2754; x_wconf 91' lang='grc' dir='ltr'>Ι</span> <span class='ocrx_word' id='word_1_284' title='bbox 826 2712 942 2756; x_wconf 86' lang='lat' dir='ltr'>caput</span> <span class='ocrx_word' id='word_1_285' title='bbox 977 2713 988 2756; x_wconf 82' lang='grc' dir='ltr'>ΙΙ</span> <span class='ocrx_word' id='word_1_286' title='bbox 1028 2714 1058 2746; x_wconf 82' lang='grc'>7.</span> <span class='ocrx_word' id='word_1_287' title='bbox 1086 2709 1223 2756; x_wconf 87' lang='lat' dir='ltr'>capitis</span> <span class='ocrx_word' id='word_1_288' title='bbox 1247 2712 1251 2754; x_wconf 86' lang='grc' dir='ltr'>Ι</span> <span class='ocrx_word' id='word_1_289' title='bbox 1275 2711 1314 2745; x_wconf 91' lang='lat' dir='ltr'>et</span> <span class='ocrx_word' id='word_1_290' title='bbox 1338 2722 1405 2745; x_wconf 83' lang='lat' dir='ltr'>om.</span> <span class='ocrx_word' id='word_1_291' title='bbox 1429 2710 1434 2757; x_wconf 83' lang='grc' dir='ltr'>Ι</span> <span class='ocrx_word' id='word_1_292' title='bbox 1457 2722 1532 2755; x_wconf 86' lang='lat' dir='ltr'>qua</span> <span class='ocrx_word' id='word_1_293' title='bbox 1564 2713 1574 2757; x_wconf 82' lang='grc' dir='ltr'>ΙΙ</span> <span class='ocrx_word' id='word_1_294' title='bbox 1613 2714 1645 2746; x_wconf 83' lang='grc'>8.</span> <span class='ocrx_word' id='word_1_295' title='bbox 1671 2711 1874 2747; x_wconf 89' lang='lat' dir='ltr'>Vertibula</span> <span class='ocrx_word' id='word_1_296' title='bbox 1904 2752 1906 2758; x_wconf 18' lang='lat' dir='ltr'>k</span> 
     </span>
     <span class='ocr_line' id='line_1_37' title="bbox 149 2767 1911 2817; baseline 0.003 -16"><span class='ocrx_word' id='word_1_297' title='bbox 149 2767 352 2802; x_wconf 86' lang='lat' dir='ltr'>uertibella</span> <span class='ocrx_word' id='word_1_298' title='bbox 371 2771 382 2813; x_wconf 79' lang='grc' dir='ltr'><strong>Η</strong></span> <span class='ocrx_word' id='word_1_299' title='bbox 404 2772 457 2804; x_wconf 88' lang='grc'>10.</span> <span class='ocrx_word' id='word_1_300' title='bbox 485 2768 620 2805; x_wconf 87' lang='lat' dir='ltr'>frutice</span> <span class='ocrx_word' id='word_1_301' title='bbox 645 2782 690 2805; x_wconf 71' lang='lat' dir='ltr'>ex</span> <span class='ocrx_word' id='word_1_302' title='bbox 715 2769 874 2806; x_wconf 86' lang='lat' dir='ltr'>fructice</span> <span class='ocrx_word' id='word_1_303' title='bbox 899 2782 990 2807; x_wconf 77' lang='lat' dir='ltr'>corr.</span> <span class='ocrx_word' id='word_1_304' title='bbox 1011 2773 1022 2817; x_wconf 88' lang='grc' dir='ltr'>ΙΙ</span> <span class='ocrx_word' id='word_1_305' title='bbox 1052 2775 1104 2805; x_wconf 83' lang='grc'>12.</span> <span class='ocrx_word' id='word_1_306' title='bbox 1132 2770 1297 2805; x_wconf 88' lang='lat' dir='ltr'>uiolator</span> <span class='ocrx_word' id='word_1_307' title='bbox 1315 2772 1326 2816; x_wconf 81' lang='grc' dir='ltr'>ΙΙ</span> <span class='ocrx_word' id='word_1_308' title='bbox 1354 2775 1409 2806; x_wconf 82' lang='lat'>13.</span> <span class='ocrx_word' id='word_1_309' title='bbox 1437 2781 1611 2806; x_wconf 86' lang='lat' dir='ltr'>occasum</span> <span class='ocrx_word' id='word_1_310' title='bbox 1638 2783 1682 2807; x_wconf 74' lang='lat' dir='ltr'>ex</span> <span class='ocrx_word' id='word_1_311' title='bbox 1706 2772 1911 2807; x_wconf 84' lang='lat' dir='ltr'>hoccasum</span> 
     </span>
     <span class='ocr_line' id='line_1_38' title="bbox 149 2829 1911 2877; baseline 0.002 -14"><span class='ocrx_word' id='word_1_312' title='bbox 149 2838 240 2863; x_wconf 81' lang='lat' dir='ltr'>corr.</span> <span class='ocrx_word' id='word_1_313' title='bbox 267 2829 278 2872; x_wconf 85' lang='grc' dir='ltr'>ΙΙ</span> <span class='ocrx_word' id='word_1_314' title='bbox 307 2831 359 2863; x_wconf 85' lang='grc'>14.</span> <span class='ocrx_word' id='word_1_315' title='bbox 387 2829 536 2874; x_wconf 86' lang='lat' dir='ltr'>uesperi</span> <span class='ocrx_word' id='word_1_316' title='bbox 559 2830 563 2876; x_wconf 85' lang='grc' dir='ltr'>Ι</span> <span class='ocrx_word' id='word_1_317' title='bbox 586 2829 789 2865; x_wconf 84' lang='lat' dir='ltr'>incubante</span> <span class='ocrx_word' id='word_1_318' title='bbox 815 2833 826 2876; x_wconf 77' lang='grc' dir='ltr'>Η</span> <span class='ocrx_word' id='word_1_319' title='bbox 857 2834 910 2867; x_wconf 81' lang='lat'>15.</span> <span class='ocrx_word' id='word_1_320' title='bbox 937 2830 1181 2877; x_wconf 85' lang='lat' dir='ltr'>Vesperascit</span> <span class='ocrx_word' id='word_1_321' title='bbox 1206 2843 1249 2866; x_wconf 74' lang='lat' dir='ltr'>ex</span> <span class='ocrx_word' id='word_1_322' title='bbox 1274 2830 1514 2876; x_wconf 85' lang='lat' dir='ltr'>Vesperescit</span> <span class='ocrx_word' id='word_1_323' title='bbox 1539 2842 1629 2867; x_wconf 75' lang='lat' dir='ltr'>corr.</span> <span class='ocrx_word' id='word_1_324' title='bbox 1659 2833 1670 2876; x_wconf 85' lang='grc' dir='ltr'>ΙΙ</span> <span class='ocrx_word' id='word_1_325' title='bbox 1701 2835 1756 2868; x_wconf 82' lang='grc'>17.</span> <span class='ocrx_word' id='word_1_326' title='bbox 1783 2843 1911 2867; x_wconf 90' lang='lat' dir='ltr'>romae</span> 
     </span>
     <span class='ocr_line' id='line_1_39' title="bbox 149 2889 1912 2938; baseline 0.003 -16"><span class='ocrx_word' id='word_1_327' title='bbox 149 2898 194 2922; x_wconf 68' lang='lat' dir='ltr'>eat</span> <span class='ocrx_word' id='word_1_328' title='bbox 218 2897 324 2922; x_wconf 89' lang='lat' dir='ltr'>roma</span> <span class='ocrx_word' id='word_1_329' title='bbox 349 2899 441 2924; x_wconf 79' lang='lat' dir='ltr'>corr.</span> <span class='ocrx_word' id='word_1_330' title='bbox 473 2889 485 2934; x_wconf 68' lang='grc' dir='ltr'>ΙΙ</span> <span class='ocrx_word' id='word_1_331' title='bbox 518 2893 573 2924; x_wconf 89' lang='grc'>19.</span> <span class='ocrx_word' id='word_1_332' title='bbox 600 2889 766 2926; x_wconf 87' lang='lat' dir='ltr'>foemina</span> <span class='ocrx_word' id='word_1_333' title='bbox 789 2893 792 2936; x_wconf 69' lang='lat' dir='ltr'>i</span> <span class='ocrx_word' id='word_1_334' title='bbox 816 2902 888 2938; x_wconf 72' lang='lat' dir='ltr'>que</span> <span class='ocrx_word' id='word_1_335' title='bbox 914 2892 925 2936; x_wconf 86' lang='grc' dir='ltr'>ΙΙ</span> <span class='ocrx_word' id='word_1_336' title='bbox 957 2895 1014 2926; x_wconf 79' lang='grc'>22.</span> <span class='ocrx_word' id='word_1_337' title='bbox 1041 2891 1164 2926; x_wconf 81' lang='lat' dir='ltr'>Viuex</span> <span class='ocrx_word' id='word_1_338' title='bbox 1188 2892 1200 2936; x_wconf 80' lang='grc' dir='ltr'>Η</span> <span class='ocrx_word' id='word_1_339' title='bbox 1226 2894 1282 2926; x_wconf 80' lang='lat'>25.</span> <span class='ocrx_word' id='word_1_340' title='bbox 1310 2902 1484 2936; x_wconf 86' lang='lat' dir='ltr'>cupresso</span> <span class='ocrx_word' id='word_1_341' title='bbox 1511 2903 1555 2926; x_wconf 79' lang='lat' dir='ltr'>ex</span> <span class='ocrx_word' id='word_1_342' title='bbox 1581 2902 1757 2936; x_wconf 87' lang='lat' dir='ltr'>capressu</span> <span class='ocrx_word' id='word_1_343' title='bbox 1784 2903 1875 2928; x_wconf 80' lang='lat' dir='ltr'>corr.</span> <span class='ocrx_word' id='word_1_344' title='bbox 1902 2894 1912 2938; x_wconf 61' lang='lat' dir='ltr'>lg</span> 
     </span>
     <span class='ocr_line' id='line_1_40' title="bbox 150 2947 1910 2997; baseline 0.004 -16"><span class='ocrx_word' id='word_1_345' title='bbox 150 2951 206 2982; x_wconf 83' lang='grc'>26.</span> <span class='ocrx_word' id='word_1_346' title='bbox 233 2947 405 2982; x_wconf 87' lang='lat' dir='ltr'>Viburna</span> <span class='ocrx_word' id='word_1_347' title='bbox 431 2960 476 2984; x_wconf 76' lang='lat' dir='ltr'>ex</span> <span class='ocrx_word' id='word_1_348' title='bbox 500 2948 690 2985; x_wconf 87' lang='lat' dir='ltr'>Viburnas</span> <span class='ocrx_word' id='word_1_349' title='bbox 716 2962 808 2986; x_wconf 81' lang='lat' dir='ltr'>corr.</span> <span class='ocrx_word' id='word_1_350' title='bbox 829 2953 840 2996; x_wconf 82' lang='grc' dir='ltr'>ΙΙ</span> <span class='ocrx_word' id='word_1_351' title='bbox 867 2954 922 2987; x_wconf 78' lang='lat'>27.</span> <span class='ocrx_word' id='word_1_352' title='bbox 950 2951 1106 2996; x_wconf 80' lang='lat' dir='ltr'>cystifer</span> <span class='ocrx_word' id='word_1_353' title='bbox 1125 2954 1135 2997; x_wconf 76' lang='lat' dir='ltr'>l}</span> <span class='ocrx_word' id='word_1_354' title='bbox 1162 2955 1218 2986; x_wconf 88' lang='lat'>33.</span> <span class='ocrx_word' id='word_1_355' title='bbox 1245 2950 1364 2986; x_wconf 89' lang='lat' dir='ltr'>auilla</span> <span class='ocrx_word' id='word_1_356' title='bbox 1389 2962 1434 2986; x_wconf 63' lang='lat' dir='ltr'>eac</span> <span class='ocrx_word' id='word_1_357' title='bbox 1460 2949 1578 2985; x_wconf 85' lang='lat' dir='ltr'>abilla</span> <span class='ocrx_word' id='word_1_358' title='bbox 1604 2963 1696 2988; x_wconf 76' lang='lat' dir='ltr'>corr.</span> <span class='ocrx_word' id='word_1_359' title='bbox 1718 2953 1728 2996; x_wconf 90' lang='grc' dir='ltr'>ΙΙ</span> <span class='ocrx_word' id='word_1_360' title='bbox 1749 2956 1805 2988; x_wconf 82' lang='grc'>34.</span> <span class='ocrx_word' id='word_1_361' title='bbox 1833 2952 1910 2988; x_wconf 90' lang='lat' dir='ltr'>uel-</span> 
     </span>
     <span class='ocr_line' id='line_1_41' title="bbox 149 3007 1911 3056; baseline 0.004 -15"><span class='ocrx_word' id='word_1_362' title='bbox 149 3007 229 3042; x_wconf 86' lang='lat' dir='ltr'>lare</span> <span class='ocrx_word' id='word_1_363' title='bbox 254 3021 299 3044; x_wconf 82' lang='lat' dir='ltr'>m.</span> <span class='ocrx_word' id='word_1_364' title='bbox 314 3012 347 3053; x_wconf 89' lang='lat'>1,</span> <span class='ocrx_word' id='word_1_365' title='bbox 374 3008 518 3044; x_wconf 84' lang='lat' dir='ltr'>uellera</span> <span class='ocrx_word' id='word_1_366' title='bbox 542 3014 625 3046; x_wconf 74' lang='lat' dir='ltr'>m.4</span> <span class='ocrx_word' id='word_1_367' title='bbox 657 3011 667 3055; x_wconf 85' lang='grc' dir='ltr'>ΙΙ</span> <span class='ocrx_word' id='word_1_368' title='bbox 699 3014 756 3046; x_wconf 81' lang='grc'>35.</span> <span class='ocrx_word' id='word_1_369' title='bbox 783 3012 908 3046; x_wconf 86' lang='lat' dir='ltr'>custos</span> <span class='ocrx_word' id='word_1_370' title='bbox 934 3023 978 3047; x_wconf 66' lang='lat' dir='ltr'>ex</span> <span class='ocrx_word' id='word_1_371' title='bbox 1005 3013 1133 3046; x_wconf 81' lang='lat' dir='ltr'>custus</span> <span class='ocrx_word' id='word_1_372' title='bbox 1159 3022 1250 3046; x_wconf 76' lang='lat' dir='ltr'>corr.</span> <span class='ocrx_word' id='word_1_373' title='bbox 1283 3014 1287 3054; x_wconf 92' lang='grc' dir='ltr'>Ι</span> <span class='ocrx_word' id='word_1_374' title='bbox 1319 3011 1491 3045; x_wconf 84' lang='lat' dir='ltr'>maturae</span> <span class='ocrx_word' id='word_1_375' title='bbox 1517 3023 1562 3046; x_wconf 71' lang='lat' dir='ltr'>ea:</span> <span class='ocrx_word' id='word_1_376' title='bbox 1595 3012 1749 3046; x_wconf 86' lang='lat' dir='ltr'>coatura</span> <span class='ocrx_word' id='word_1_377' title='bbox 1783 3023 1874 3048; x_wconf 79' lang='lat' dir='ltr'>corr.</span> <span class='ocrx_word' id='word_1_378' title='bbox 1910 3051 1911 3056; x_wconf 14' lang='grc' dir='ltr'><strong>Ἰ</strong></span> 
     </span>
     <span class='ocr_line' id='line_1_42' title="bbox 151 3067 1965 3117; baseline 0.004 -16"><span class='ocrx_word' id='word_1_379' title='bbox 151 3070 206 3103; x_wconf 87' lang='lat'>36.</span> <span class='ocrx_word' id='word_1_380' title='bbox 235 3067 390 3112; x_wconf 84' lang='lat' dir='ltr'>aliquod</span> <span class='ocrx_word' id='word_1_381' title='bbox 416 3081 460 3104; x_wconf 76' lang='lat' dir='ltr'>ex</span> <span class='ocrx_word' id='word_1_382' title='bbox 486 3069 613 3115; x_wconf 77' lang='lat' dir='ltr'>aliquo</span> <span class='ocrx_word' id='word_1_383' title='bbox 642 3082 734 3107; x_wconf 75' lang='lat' dir='ltr'>corr.</span> <span class='ocrx_word' id='word_1_384' title='bbox 758 3073 763 3117; x_wconf 86' lang='grc' dir='ltr'>Ι</span> <span class='ocrx_word' id='word_1_385' title='bbox 786 3071 1002 3117; x_wconf 84' lang='lat' dir='ltr'>appellatur</span> <span class='ocrx_word' id='word_1_386' title='bbox 1032 3074 1044 3117; x_wconf 85' lang='grc' dir='ltr'>ΙΙ</span> <span class='ocrx_word' id='word_1_387' title='bbox 1076 3074 1132 3107; x_wconf 82' lang='lat'>37.</span> <span class='ocrx_word' id='word_1_388' title='bbox 1159 3072 1355 3115; x_wconf 88' lang='lat' dir='ltr'>tamquam</span> <span class='ocrx_word' id='word_1_389' title='bbox 1381 3070 1529 3106; x_wconf 85' lang='lat' dir='ltr'>mollier</span> <span class='ocrx_word' id='word_1_390' title='bbox 1551 3072 1556 3117; x_wconf 81' lang='grc' dir='ltr'>Ι</span> <span class='ocrx_word' id='word_1_391' title='bbox 1580 3071 1752 3107; x_wconf 84' lang='lat' dir='ltr'>detracta</span> <span class='ocrx_word' id='word_1_392' title='bbox 1777 3084 1821 3108; x_wconf 68' lang='lat' dir='ltr'>ex</span> <span class='ocrx_word' id='word_1_393' title='bbox 1848 3072 1910 3108; x_wconf 85' lang='lat' dir='ltr'>de-</span> <span class='ocrx_word' id='word_1_394' title='bbox 1961 3083 1965 3086; x_wconf 87' lang='grc'><strong>’</strong></span> 
     </span>
     <span class='ocr_line' id='line_1_43' title="bbox 151 3129 412 3175; baseline 0.015 -14"><span class='ocrx_word' id='word_1_395' title='bbox 151 3129 258 3162; x_wconf 88' lang='lat' dir='ltr'>ructa</span> <span class='ocrx_word' id='word_1_396' title='bbox 283 3140 373 3164; x_wconf 76' lang='lat' dir='ltr'>corr.</span> <span class='ocrx_word' id='word_1_397' title='bbox 407 3130 412 3175; x_wconf 89' lang='grc' dir='ltr'>Ι</span> 
     </span>
    </p>
   </div>
  </div>
 </body>
</html>
