2175 3428
178 125 265 166 236

238 234 367 277 tectis
406 231 701 289 prominentia
739 231 855 287 quod
889 245 1035 286 proce-

173 346 176 348 .
238 307 345 348 dunt
372 308 494 348 extra
519 304 700 360 parietis
727 304 790 347 sic
816 296 1036 359 appellata

178 378 386 420 Proceres
419 376 526 420 dicti
556 391 759 433 proceres
790 374 914 431 quasi
940 390 1037 431 pro-

239 450 361 491 cedes
396 450 510 504 quod
550 452 651 492 ante
685 462 835 491 omnes
873 447 1037 489 honore

238 521 527 576 precesserint

179 593 388 635 Procudit
420 593 595 635 edificat
633 592 837 649 uirgilius
876 591 1039 634 dudum

236 665 439 720 procudit
471 669 618 708 arator
643 664 833 708 uomeris
862 663 1039 706 obtunsi

238 737 411 780 dentem

177 809 388 852 Proculus
404 809 478 865 qui
498 809 693 852 nascitur
713 810 893 852 absente
913 811 1037 864 patre

178 881 390 925 Proculus
418 882 492 937 qui
524 882 667 924 nascit
692 882 763 924 uel
791 895 888 922 cum
913 882 1037 935 patre

238 955 542 1011 peregrinatur

142 1038 157 1062 5
179 1026 414 1069 Proculum
447 1027 521 1082 qui
552 1026 750 1069 nascitur
783 1040 881 1068 cum
916 1027 1039 1080 patre

239 1099 331 1141 eius
363 1099 493 1156 longe
525 1098 830 1155 peregrinatur

178 1171 435 1228 Prodigium
467 1173 518 1213 ut
556 1184 685 1212 uarro
719 1170 782 1212 ait
821 1183 955 1211 unum
988 1168 1038 1210 de

239 1243 429 1298 quinque
486 1242 616 1284 rebus
673 1244 739 1284 est
796 1256 877 1296 que
936 1243 1038 1283 sunt

238 1318 413 1357 ostenta
425 1317 631 1370 portenta
644 1313 895 1370 prodigium
911 1313 1038 1355 mira-

239 1388 385 1429 culum
418 1389 664 1430 monstrum

178 1459 264 1502 Pro
305 1460 430 1502 dolor
467 1460 510 1501 id
550 1462 617 1501 est
657 1473 754 1501 cum
793 1458 941 1500 dolore
980 1458 1040 1499 lo-

240 1547 350 1587 quor
382 1531 629 1574 interiectio
662 1533 731 1573 est
764 1529 950 1572 dolentis
979 1545 1040 1572 se-

241 1603 383 1646 dulius
415 1618 495 1659 pro
529 1603 654 1646 dolor
687 1603 826 1645 eterni
862 1602 1040 1645 fuerunt

241 1675 325 1717 duo
360 1690 550 1719 crescere
582 1678 818 1731 postquam
852 1671 973 1731 (Cic.)

179 1746 482 1790 Producantur
514 1763 564 1790 ea
594 1747 709 1789 enim
740 1747 1040 1802 producuntur

241 1834 324 1874 que
364 1823 541 1862 seruant
578 1819 808 1875 productio
842 1818 957 1861 enim
995 1818 1040 1860 in

241 1891 420 1946 gentiuo
455 1895 502 1935 ut
533 1892 626 1935 litis
654 1892 719 1934 dis
746 1890 828 1933 diti
861 1890 926 1932 dis
954 1890 1039 1946 glis

239 1963 363 2019 gliris

180 2034 402 2077 Proelium
441 2038 570 2078 orant
608 2038 652 2078 et
695 2035 862 2090 proelio
902 2034 1038 2076 ditam

241 2106 390 2149 caleno
418 2110 512 2149 tum
531 2098 648 2149 bibis
675 2122 806 2149 uuam
832 2121 912 2162 pro
935 2107 1038 2148 uino

241 2178 351 2220 dixit

131 2264 161 2288 10
180 2250 370 2293 Profesti
397 2251 488 2294 dies
514 2251 640 2294 festis
666 2250 876 2294 contrarii
902 2251 944 2292 id
972 2253 1039 2292 est

242 2323 334 2365 sine
367 2323 577 2379 religione
602 2338 705 2365 nam
730 2322 832 2364 festi
864 2325 1039 2364 tantun-

242 2395 339 2436 dem
373 2395 452 2436 otii
485 2397 528 2437 et
559 2394 827 2451 religionis1)
862 2397 964 2436 sunt

639 120 896 157 EXCERPTA
922 120 986 155 EX
1011 120 1157 156 LIBRO
1184 118 1476 156 GLOSSARVM

1077 230 1385 287 Progenitores
1416 229 1656 286 primatum
1687 229 1913 273 uindicans

1076 302 1387 359 Progenitores
1415 302 1534 345 ataui
1561 301 1686 357 quasi
1711 316 1842 357 porro
1869 316 1938 359 ge-

1137 378 1340 418 nerantes

1078 447 1313 491 Proletarii
1338 447 1456 489 filios
1483 448 1741 503 generantes
1761 444 1939 488 fuerunt

1136 523 1284 563 autem
1309 534 1429 563 rome
1448 522 1494 561 et
1521 519 1574 561 ad
1593 518 1710 560 bella
1733 531 1824 560 non
1842 532 1938 573 pro-

1137 593 1348 637 cedebant
1378 591 1516 647 prolis
1548 590 1765 647 gignende
1795 590 1938 646 gratia

1135 665 1180 708 id
1225 667 1292 707 est
1335 663 1527 706 filiorum
1571 661 1938 718 procreandorum

1139 752 1269 780 causa

1076 811 1249 853 Proluit
1281 814 1319 860 Bc
1352 808 1556 864 perduxit
1582 810 1659 850 aut
1689 807 1736 849 in
1762 806 1939 849 curcula

1136 882 1288 938 prolue
1322 882 1515 924 claucam

1077 955 1349 998 Promeritus
1364 955 1477 1010 apud
1492 954 1698 1008 antiquos
1712 951 1939 994 dicebatur
1960 969 1992 995 15

1138 1026 1347 1083 quidquid
1367 1027 1477 1068 bene
1505 1025 1612 1068 facis
1633 1027 1677 1067 et
1697 1023 1939 1080 promerita

1137 1099 1354 1155 profuisse
1387 1098 1635 1154 prestitisse

1077 1171 1357 1214 Promtuaria
1389 1170 1551 1213 cubilia

1076 1243 1355 1287 Promtuaria
1385 1243 1558 1285 interna
1590 1242 1779 1285 cubiculi

1078 1315 1355 1358 Promtuaria
1387 1315 1582 1357 thesauri

1078 1387 1405 1431 Promtuarium
1437 1387 1693 1430 thesaurum

1077 1460 1403 1503 Promtuarium
1437 1459 1661 1502 cellarium

1077 1531 1439 1575 Promunturium
1471 1532 1593 1574 locus
1619 1531 1666 1573 in
1698 1531 1809 1574 mari
1836 1532 1938 1574 emi-

1137 1620 1244 1647 nens
1278 1618 1506 1647 commune
1536 1607 1603 1646 est
1635 1603 1751 1646 enim
1783 1603 1937 1646 insulis

1137 1680 1187 1719 ut
1207 1677 1486 1732 promineant
1499 1675 1598 1717 inde
1615 1678 1658 1718 et
1676 1676 1775 1718 loca
1789 1686 1938 1718 earum

1138 1748 1443 1805 promunturia
1482 1748 1544 1790 sic
1583 1745 1854 1804 sallustius2)
1887 1748 1937 1790 de

1139 1818 1373 1876 sardinia3)
1400 1820 1446 1862 in
1473 1820 1685 1862 orientem
1712 1834 1844 1875 quam
1871 1834 1938 1863 oc-

1139 1894 1354 1937 cidentem
1387 1892 1520 1934 latior
1551 1891 1770 1947 prominet

1078 1965 1332 2008 Promurale
1365 1980 1514 2006 murus
1547 1966 1695 2006 autem
1720 1980 1848 2006 urum

1078 2038 1357 2080 Promurium
1384 2035 1575 2092 spatium
1597 2051 1679 2091 que
1707 2036 1821 2080 circa
1847 2053 1937 2079 mu-

1137 2123 1211 2151 rus
1245 2107 1388 2165 (Isz’d.)

1078 2180 1376 2223 Promuralem
1409 2183 1510 2223 ante
1543 2180 1753 2222 muralem
1791 2179 1936 2239 (Isid.)

1077 2252 1282 2294 Pronuba
1308 2251 1463 2294 mulier
1490 2252 1564 2308 qui
1595 2255 1740 2307 preest
1767 2252 1936 2295 nubtiis
1956 2262 1991 2290 25

1136 2325 1219 2367 hoc
1252 2327 1318 2366 est
1349 2324 1638 2380 paranimpha

1077 2395 1356 2438 Pronubante
1390 2395 1627 2438 adsistente
1661 2393 1803 2452 (Isid.)

1957 1474 1993 1500 20

280 2525 313 2569 1)
344 2524 373 2559 li
394 2536 465 2570 pro
491 2524 526 2560 le
551 2537 596 2560 m.
612 2528 637 2561 2
664 2535 755 2561 corr.
788 2526 799 2568 11
831 2525 867 2569 2)
900 2524 958 2559 ius
984 2537 1028 2561 ωε
1053 2525 1137 2561 inus
1163 2537 1254 2562 corr.
1287 2527 1299 2571 11
1331 2527 1366 2571 3)
1398 2525 1437 2561 ia
1462 2537 1506 2562 ex
1533 2537 1556 2561 a
1580 2528 1668 2562 m.2
1693 2536 1786 2563 corr.
1817 2527 1830 2571 11

182 2644 434 2690 prominentia
458 2655 504 2681 ex
528 2643 742 2690 pramentia
766 2648 809 2680 ut
833 2645 906 2681 vid.
933 2656 1025 2681 corr.
1049 2647 1054 2690 1
1076 2646 1283 2691 procedant
1311 2648 1314 2691 1
1349 2645 1513 2692 parietes
1545 2658 1590 2681 ex
1614 2645 1781 2692 parietas
1807 2656 1898 2681 corr.
1924 2645 1936 2691 11

184 2709 214 2739 :2
244 2704 370 2739 obtusi
396 2716 440 2741 εκ
466 2703 619 2740 obtunsi
644 2715 737 2740 corr.
757 2705 769 2749 11
789 2708 821 2740 3.
848 2703 942 2751 uirg.
969 2706 1046 2741 cod.
1067 2707 1078 2750 11
1099 2710 1130 2742 5.
1156 2708 1266 2752 pater
1291 2718 1335 2742 εκ
1359 2707 1467 2752 patre
1494 2717 1586 2742 corr.
1611 2717 1656 2740 m.
1671 2709 1691 2740 1
1713 2706 1724 2750 11
1745 2708 1776 2740 6.
1803 2705 1935 2751 unum]

184 2776 234 2798 un
260 2765 271 2809 11
293 2768 323 2800 7.
350 2763 506 2799 sedilius
529 2767 533 2808 1
555 2763 764 2810 posttiuam
789 2766 800 2809 11
820 2767 852 2799 8.
880 2768 1073 2799 seruamus

1098 2768 1101 2808 1
1124 2767 1166 2800 ut
1191 2765 1238 2800 lis
1264 2765 1353 2801 litis
1369 2778 1413 2802 eoe
1438 2767 1481 2800 ut
1505 2765 1585 2800 litis
1612 2777 1702 2801 corr.
1729 2765 1742 2810 11
1767 2768 1799 2800 9.
1826 2764 1936 2799 Proe-

183 2823 261 2858 lum
290 2826 293 2867 1
322 2823 450 2869 proclo
480 2824 484 2871 1
513 2823 643 2859 caleno
669 2835 713 2860 ex·
738 2823 881 2859 calemo
908 2835 999 2860 corr.
1027 2826 1038 2869 11
1071 2828 1125 2860 10.
1152 2825 1317 2861 Profecti
1348 2827 1359 2870 11
1391 2830 1447 2861 11.
1473 2824 1718 2860 nendicantes
1744 2836 1789 2860 ex
1813 2822 1935 2859 uindi-

185 2884 272 2917 cant
297 2895 388 2919 corr.
421 2885 434 2928 11
473 2887 527 2919 13.
554 2884 777 2929 generantes
803 2896 848 2920 em
873 2884 1097 2930 generanter
1121 2896 1212 2921 corr.
1251 2887 1263 2931 11
1307 2888 1362 2921 15.
1390 2887 1483 2931 aput
1511 2887 1516 2930 1
1548 2884 1728 2930 quicquid
1756 2886 1762 2930 1
1794 2884 1935 2929 preste-

185 2942 276 2977 tisse
307 2945 319 2988 11
352 2945 502 2978 16-18.
529 2943 792 2989 Promptuaria
824 2955 868 2979 ex
892 2943 1130 2979 Promtuaria
1155 2956 1246 2981 corr.
1278 2947 1289 2991 11
1321 2949 1377 2981 21.
1404 2943 1742 2980 Promunctiorium
1772 2955 1818 2979 ex
1847 2943 1935 2977 Pro—

186 3001 419 3037 munturium
452 3013 543 3038 corr.
580 3006 584 3046 Ι
618 3002 899 3048 promunctoria
934 3015 978 3039 ex
1011 3004 1272 3048 promunturia
1306 3017 1397 3041 corr.
1439 3008 1443 3049 1
1484 3004 1601 3040 lacior
1628 3005 1715 3050 1122.
1743 3003 1831 3038 ante
1855 3013 1934 3036 mu-

189 3072 270 3094 rum
295 3063 307 3106 11
338 3065 394 3096 23.
422 3062 522 3106 quod
547 3074 592 3098 ea:
617 3074 688 3107 que
714 3073 804 3099 corr.
832 3064 844 3108 11
875 3066 931 3099 24.
958 3062 1175 3098 Promurale
1200 3076 1244 3099 ex
1269 3064 1525 3100 Promuralem
1551 3076 1642 3100 corr.
1678 3063 1682 3110 1
1716 3061 1860 3097 murale
1891 3072 1936 3097 ea:

191 3119 373 3155 muralem
398 3132 488 3157 corr.
509 3124 596 3167 1125.
623 3133 695 3167 que
721 3134 766 3158 ex
790 3121 855 3166 qui
881 3134 971 3158 corr.
996 3123 1001 3168 1
1023 3122 1164 3167 nuptiis
1188 3125 1193 3169 1
1215 3124 1426 3169 parenimfa
1450 3125 1462 3169 11
