2175 3428
199 136 287 178 240

201 246 407 289 Recidiua
439 245 673 286 uerborum
706 247 808 286 sunt
841 258 923 299 que
956 243 1053 286 aliis

260 318 389 359 sectis
435 315 700 371 repullulant
745 315 820 358 alii
866 315 1056 357 recidiua

259 388 497 431 accedendo
531 387 681 429 dicunt
712 387 814 442 quia
852 389 954 442 post
992 401 1056 429 ca-

258 476 354 503 sum
382 459 577 502 nascitur
604 459 678 501 alii
705 475 729 501 a
755 457 984 501 recidendo
1012 462 1055 500 et

201 540 203 542 '
259 531 560 587 repullulando
588 531 789 573 dixerunt
815 544 919 586 ergo
952 530 1055 573 reci-

257 605 406 646 diuum
421 603 497 645 ubi
509 618 625 646 mors
638 606 714 645 aut
725 617 849 645 casus
861 600 1054 658 (Galcm)

196 675 435 731 Reciproca
467 675 664 717 rediuiua

198 747 470 790 Redimicula
502 747 743 789 retinacula

197 819 518 861 Redimiculum
551 821 855 861 ornamentum

162 905 177 929 5
198 891 505 934 Redinserabit
537 891 677 933 denuo
709 890 893 932 inseruit

196 963 501 1005 Redinsertare
535 963 674 1005 denuo
706 961 895 1004 inserere

199 1035 411 1077 Rediuiua
443 1035 714 1077 renascentia

197 1106 412 1149 Rediuiua
444 1108 495 1149 de
527 1107 723 1148 nouitate
756 1105 923 1148 reddita

198 1179 458 1221 Rediuiuam
479 1194 504 1220 a
523 1181 663 1220 morte
691 1180 768 1220 aut
788 1193 813 1220 a
833 1179 1054 1220 uetustate

257 1254 505 1293 reuocatam

144 1337 176 1361 10
196 1323 455 1365 Rediuiuam
488 1338 512 1364 a
544 1324 765 1364 uetustate
798 1323 1054 1363 renouatam

196 1394 435 1436 Rediuiuus
469 1394 543 1449 qui
576 1394 689 1436 redit
721 1393 774 1435 ad
801 1393 914 1448 quod
947 1392 1031 1434 fuit

196 1466 411 1508 Redolent
456 1466 574 1508 olent
619 1466 693 1507 sed
739 1465 825 1507 hoc
869 1465 1055 1506 interest

256 1539 370 1594 quod
414 1538 533 1580 olent
583 1552 650 1579 res
698 1536 768 1579 uel
819 1536 931 1578 male
981 1536 1051 1578 uel

257 1610 368 1652 bone
401 1609 598 1651 redolent
630 1611 803 1651 tantum
829 1609 941 1650 bone
970 1607 1050 1649 uir—

256 1681 388 1737 gilius
421 1681 648 1736 respondit

196 1753 492 1795 Redoluerunt
507 1750 540 1809 1)
571 1753 874 1809 fraglauerunt

196 1825 419 1867 Redubius
453 1825 632 1866 exubius

143 1910 176 1936 15
195 1896 373 1939 Referto
408 1899 584 1952 reporta
609 1896 811 1953 uirgilius
839 1898 882 1938 et
913 1896 1054 1938 uallos

256 1969 422 2024 primus
457 1969 536 2011 sub
571 1971 689 2011 tecto
723 1968 884 2011 referto

197 2040 462 2083 Refocilabit
494 2041 709 2083 recreauit

198 2111 463 2154 Refocilabit
495 2111 635 2154 reficit

198 2182 464 2226 Refocilabit
494 2183 768 2225 humanitate
800 2182 914 2224 fouit

200 2254 341 2310 Regia
371 2268 554 2310 regnum
586 2255 767 2297 lucanus
800 2254 921 2310 regia
952 2254 1042 2310 lagi

142 2341 175 2365 ρο
195 2320 504 2383 Regimonium
536 2325 732 2383 regimen

656 134 913 170 EXCERPTA
937 134 1002 168 EX
1026 134 1171 169 LIBRO
1199 134 1491 169 GLOSSARVM

1153 247 1304 286 tantur
1341 246 1577 299 postquam
1616 244 1669 285 ad
1707 259 1841 299 aquas
1879 260 1948 287 ue-

1152 316 1296 357 nerint
1337 315 1603 370 hydrofobas
1646 318 1689 357 et
1729 316 1949 371 limphati-

1111 437 1116 440 ,
1154 402 1227 429 cos
1259 387 1426 429 faciunt
1463 378 1466 381 ’

1094 459 1257 501 Remex
1295 458 1436 500 dictus
1476 459 1591 513 quod
1629 473 1797 501 remum
1836 460 1949 514 gerit

1155 531 1216 573 sic
1244 534 1390 572 autem
1410 544 1556 571 remex
1577 530 1795 585 quomodo
1816 530 1949 572 tubex

1153 603 1313 645 dicitur
1368 601 1640 644 nominatiuo
1699 616 1802 644 casu
1861 617 1950 644 non

1151 678 1297 716 autem
1329 674 1464 715 tubex
1496 674 1570 715 sed
1603 673 1781 716 tubicen
1809 673 1950 716 dicen-

1153 747 1255 788 dum
1286 749 1354 788 est
1385 749 1435 787 ut
1467 746 1645 788 tubicen
1677 745 1873 788 corricen
1926 745 1929 747 ’

1094 818 1364 874 Remugiunt
1396 818 1572 872 rapidus
1606 820 1731 860 extus
1763 817 1936 860 feruens

1092 889 1352 931 Remulcens
1385 904 1477 931 rem
1508 890 1685 945 placans

1093 960 1352 1003 Remulcens
1385 960 1680 1016 repropicians
1969 979 2003 1005 25

1092 1032 1351 1074 Remulcens
1385 1032 1592 1075 reducens

1093 1104 1340 1146 Remulceri
1373 1102 1572 1159 replicari

1096 1176 1360 1232 Remulgens
1393 1176 1600 1218 reducens

1092 1246 1319 1303 Repagula
1349 1247 1693 1302 inpedimentum

1091 1319 1320 1375 Repagula
1351 1319 1495 1362 aditus

1092 1391 1318 1447 Repagula
1347 1391 1585 1433 introhitus

1093 1463 1320 1519 Repagula
1351 1463 1593 1505 retinacula

1089 1535 1317 1590 Repagula
1349 1550 1431 1590 que
1464 1535 1518 1576 ad
1549 1535 1844 1590 inpedimento
1875 1549 1948 1590 op-

1151 1604 1417 1663 ponuntur2)

1091 1679 1320 1735 Repagula
1352 1679 1467 1720 ostia
1499 1693 1719 1721 carcerum
1757 1679 1803 1720 in
1834 1678 1948 1720 circo

1152 1751 1356 1792 euntibus
1388 1750 1500 1792 unde
1533 1750 1631 1806 equi
1658 1765 1754 1792 cum
1781 1749 1950 1806 quadri-

1152 1837 1230 1879 gas
1263 1822 1545 1879 egrediuntur

1093 1895 1289 1950 Repedat
1321 1895 1556 1936 reuertitur

1092 1966 1290 2021 Repedat
1321 1967 1435 2008 redit

1094 2038 1291 2093 Repedat
1322 2039 1567 2094 regreditur

1093 2109 1289 2165 Repedat
1320 2113 1485 2152 remeat

1092 2181 1281 2236 Replum
1301 2181 1465 2237 species
1487 2181 1681 2223 mulieris
1698 2196 1751 2223 ne
1770 2181 1947 2237 peplum

1153 2253 1294 2296 facere
1327 2254 1547 2296 debuisset

1091 2324 1350 2367 Reseratum
1383 2328 1582 2381 apertum

1967 1338 2002 1363 30

1968 1913 2003 1938 35

1966 2346 2002 2371 40

195 2397 390 2454 Regulus
429 2398 571 2440 dictus
611 2413 661 2441 eo
700 2398 815 2454 quod
852 2412 927 2440 rex
966 2412 1050 2440 ser·
1088 2396 1372 2439 Reseratione
1404 2396 1674 2453 patefactum

254 2471 451 2525 pentium
495 2469 554 2512 sit
596 2470 709 2512 unde
753 2472 797 2512 et
841 2485 866 2511 a
909 2470 1049 2526 grecis
1087 2467 1268 2511 Resides
1310 2468 1472 2511 resides
1512 2469 1687 2524 proprie
1729 2472 1831 2512 sunt
1871 2470 1947 2525 qui

256 2542 484 2584 basiliscus
529 2544 712 2584 uocatur
750 2541 813 2584 hii
856 2542 969 2584 sicut
1007 2545 1051 2584 et

256 2613 505 2668 scurpiones
551 2613 718 2655 arentia
757 2628 923 2669 queque
966 2628 1051 2656 sec-

1148 2540 1352 2583 militiam
1395 2541 1641 2583 detrectant
1679 2557 1705 2583 a
1749 2556 1851 2598 rege
1894 2542 1945 2584 de

1150 2613 1365 2656 militibus
1385 2628 1490 2656 uero
1511 2613 1683 2669 ignauis
1699 2613 1863 2656 dictum
1878 2616 1946 2655 est

294 2756 327 2800 1)
358 2753 397 2789 lu
423 2767 467 2791 ex
492 2755 557 2790 lau
581 2767 626 2792 m.
642 2759 666 2792 2
693 2766 784 2791 corr.
817 2757 829 2801 ΙΙ
861 2757 896 2799 2)
927 2765 976 2800 po
1002 2766 1046 2791 eae
1071 2766 1121 2800 pu
1147 2766 1191 2790 m.
1207 2757 1232 2791 2
1258 2766 1349 2792 corr.
1382 2757 1394 2800 ΙΙ

291 2890 322 2922 1.
349 2886 524 2922 arborum
547 2888 552 2932 Ι
573 2886 657 2923 isid.
685 2888 760 2923 cod.
786 2889 798 2933 ΙΙ
830 2891 861 2923 3.
883 2890 915 2923 4.
941 2898 1067 2933 maryo
1093 2887 1290 2923 abscissus:
1314 2898 1409 2923 nom.
1436 2890 1532 2923 auct.
1559 2887 1655 2923 deest
1686 2889 1698 2933 ΙΙ
1736 2891 1767 2923 3.
1794 2886 1938 2923 recina-

198 2945 283 2980 cula
307 2949 319 2991 ΙΙ
351 2950 382 2982 8.
409 2946 589 2982 denuouit
615 2947 788 2983 areddita
813 2950 824 2994 ΙΙ
857 2951 887 2983 9.
915 2948 1133 2983 reuocatum
1152 2949 1163 2992 ΙΙ
1191 2951 1244 2983 10.
1271 2948 1495 2983 renouatum
1519 2949 1531 2993 ΙΙ
1560 2951 1612 2982 12.
1639 2947 1908 2994 responditJR
1932 2951 1945 2995 ΙΙ

201 3010 253 3041 15.
281 3006 404 3042 uallus
428 3010 432 3052 Ι
454 3009 556 3042 tecta
581 3010 592 3053 ΙΙ
613 3010 668 3043 16.
695 3007 940 3043 Refocillabit
964 3011 976 3053 ΙΙ
1003 3011 1057 3043 17.
1084 3007 1329 3043 Refocillabit
1353 3009 1366 3053 ΙΙ
1392 3011 1447 3043 18.
1473 3007 1719 3043 Refocillabit
1742 3009 1755 3054 ΙΙ
1780 3011 1836 3044 21.
1863 3018 1944 3054 gre·

198 3065 256 3110 gis
277 3070 284 3109 Ι
307 3066 451 3101 uenerit
473 3069 478 3111 Ι
500 3066 715 3113 limpatieos
735 3070 747 3114 ΙΙ
766 3071 822 3103 30.
850 3067 974 3103 aditos
993 3069 1005 3112 ΙΙ
1024 3070 1080 3102 31.
1108 3066 1283 3102 introitus
1303 3070 1314 3113 ΙΙ
1334 3071 1389 3103 33.
1418 3067 1656 3113 obponuntur
1675 3070 1686 3113 ΙΙ
1706 3071 1761 3104 34.
1788 3067 1914 3103 hostia
1936 3070 1942 3114 Ι

199 3136 313 3169 quum
333 3127 344 3170 ΙΙ
363 3130 418 3161 40.
446 3126 692 3162 Reseruatum
711 3130 722 3173 ΙΙ
743 3132 797 3164 42.
824 3127 1006 3163 miliciam
1028 3127 1033 3176 Ι
1056 3138 1079 3162 3,
1103 3127 1207 3174 rege]
1235 3138 1345 3174 agere
1368 3131 1373 3173 Ι
1395 3127 1530 3174 ignans
1550 3130 1562 3175 ΙΙ
