2216 3402
618 101 850 137 PLACIDVS
876 103 1129 139 LIBRORVM
1154 102 1471 139 ROMANORVM
1862 106 1914 145 21

232 212 500 254 exitiabilem
526 213 570 254 et
594 212 738 253 locum
765 212 810 252 in
837 226 922 266 quo
944 211 1026 252 exi·
1065 213 1176 254 Exte
1211 227 1315 254 esse.

233 284 343 325 tium
380 284 474 324 fieri
512 285 658 338 potest
703 285 750 324 ut
788 282 916 324 fouea
957 282 1026 324 uel
1065 283 1312 339 Exfigurari
1347 298 1586 340 expurgare
1620 287 1696 326 est.

232 356 416 411 gladius.
1065 354 1232 395 Exinde
1266 355 1431 397 deinde.

170 426 332 482 Effipia
366 429 467 468 sunt
499 440 708 481 equorum
739 424 873 467 frena.
1059 425 1221 467 Eccere
1251 426 1440 468 eccetilis
1472 426 1701 469 iurerando
1731 442 1917 482 parcere.
1941 440 1974 464 25

169 498 400 540 Exerimus
432 496 705 552 proferimus.
1062 496 1352 539 Emulsitatos
1386 497 1546 540 musim
1579 501 1769 541 exactos.

167 569 355 612 Eritudo
388 568 639 611 dominatio.
1062 568 1376 623 Exipitandum
1391 570 1618 612 dicendum
1634 570 1917 612 oscitandum.

168 640 276 695 Epri
308 640 404 695 pica
435 639 695 695 praelucida.
1061 639 1275 681 Effiictim
1308 640 1572 694 deplorando
1606 642 1756 683 dicere.

132 711 408 754 5Exanclare
435 711 681 753 examinare
702 711 771 752 uel
792 710 1023 751 exinanire.
1061 710 1304 752 Exanclata
1346 711 1558 753 exhausta
1598 716 1642 754 et
1683 714 1805 768 quasi
1851 729 1918 755 ex-

167 781 428 824 Eliminauit
460 785 583 824 extra
614 782 748 824 limen
780 781 958 837 expulit.
1122 782 1329 837 angulata
1352 783 1395 823 id
1417 785 1483 824 est
1508 799 1585 838 per
1605 785 1787 839 angulos
1815 800 1917 840 quo-

167 853 412 896 Effafilatus
455 869 582 896 exero
623 854 824 896 thumero
868 853 912 894 id
957 855 1023 894 est
1122 869 1203 908 que
1236 854 1465 908 exquisita.

227 928 349 968 extra
386 926 525 968 filium
558 940 689 967 manu
725 926 769 967 id
801 927 868 967 est
900 927 1023 966 extra
1060 926 1328 967 Extraneam
1368 926 1614 967 abortiuam
1648 928 1748 982 quia
1786 929 1918 983 pluri·
1938 942 1973 967 30

227 997 462 1053 proferens.
1122 1012 1240 1038 mum
1275 997 1487 1039 exterciae
1520 997 1716 1040 abiciunt
1749 1002 1882 1043 extra.

165 1068 345 1111 Exitam
377 1069 548 1111 finitam
581 1071 789 1111 exactam.
1061 1068 1280 1110 Exlaudat
1312 1071 1436 1109 extra
1467 1069 1598 1110 finem
1630 1070 1790 1112 laudat.

164 1140 254 1182 Era
287 1141 478 1182 domina:
512 1140 671 1182 eritum
704 1140 938 1182 dominum.
1061 1139 1464 1182 Exhauterantibus
1491 1140 1681 1183 ubertim
1712 1142 1918 1185 flentibus

112 1224 145 1249 10
165 1211 354 1254 Elabore
376 1212 509 1254 animi
534 1212 696 1268 figurat
717 1214 760 1253 et
785 1225 865 1266 pro
890 1210 1024 1252 animi
1120 1211 1257 1253 ueluti
1290 1211 1655 1254 exliaurientibus.

223 1284 384 1326 labore.

161 1355 352 1398 Excetra
383 1355 614 1410 multiplex
639 1355 686 1396 in
711 1354 930 1397 rediueam
956 1369 1023 1397 re—

222 1427 410 1469 dilebam
443 1442 551 1482 quae
583 1441 724 1468 nanne
758 1426 991 1482 significat.
1095 1412 1318 1456 INCIPIT
1351 1414 1468 1456 PER
1500 1414 1534 1457 F
1568 1414 1879 1459 LITTERAM·

160 1497 440 1541 Ecrocollum
484 1498 665 1553 pallium
709 1501 837 1540 tenue
885 1513 1019 1540 mere·
1057 1497 1198 1540 Futor
1231 1498 1518 1541 consentiens.

221 1570 398 1612 tricium
430 1570 595 1612 dictum
628 1586 653 1612 a
686 1585 836 1613 croceo
865 1570 1020 1612 colore.
1056 1569 1090 1612 F
1094 1572 1253 1625 ugator
1300 1570 1505 1625 expulsor
1555 1571 1729 1614 artificii
1781 1573 1916 1614 subti—
1936 1585 1968 1611 35

161 1641 281 1698 Ergo
316 1657 446 1684 causa
476 1643 548 1685 uel
582 1644 745 1697 aperta.
1115 1641 1231 1682 litas.

159 1713 442 1768 Experientia
493 1714 889 1769 experimentorum
940 1728 1017 1755 no·
1055 1712 1195 1755 Facili
1226 1712 1384 1755 salacia
1416 1729 1440 1755 a
1471 1713 1598 1756 faueo
1632 1714 1758 1757 dicta.

221 1785 337 1827 ticia.
1056 1785 1303 1827 Fleminum
1335 1788 1503 1828 uestem
1538 1786 1584 1827 in
1617 1801 1701 1841 qua
1734 1788 1911 1844 sanguis

107 1869 139 1894 15
159 1855 326 1897 Exnuit
357 1855 510 1898 induit.
1115 1855 1377 1898 ambulando
1409 1857 1586 1912 inpedes
1619 1858 1726 1899 fluit.

157 1927 436 1982 Enumquam
469 1931 513 1970 et
546 1928 728 1983 quando.
1054 1927 1266 1969 Fauicora
1309 1929 1591 1982 prouerbium
1635 1930 1680 1971 in
1721 1945 1795 1972 eos
1838 1932 1912 1986 qui

157 1999 374 2055 Egregius
408 2002 577 2042 erectus
611 2000 755 2056 euigil.
1113 1999 1364 2041 domesticis
1389 2000 1608 2042 alimentis
1636 2001 1703 2043 usi
1731 2002 1828 2044 aliis
1854 2003 1911 2044 la-

157 2070 398 2127 Expergito
430 2071 553 2113 uelut
584 2086 737 2114 somno
771 2072 931 2114 ablato.
1112 2072 1319 2113 borarent
1352 2071 1518 2113 dictum
1550 2072 1603 2114 ab
1637 2088 1686 2115 eo
1721 2088 1805 2128 quo
1846 2090 1912 2116 ca-

157 2142 520 2184 Exdorsuandum
551 2143 816 2186 indicandea.
1110 2143 1314 2198 pitolium
1380 2144 1625 2185 aedificanti
1690 2146 1909 2200 tarquinio

103 2227 138 2252 20
157 2213 393 2268 Experitus
434 2229 523 2256 non
562 2214 729 2269 peritus
772 2215 847 2257 sed
891 2218 1014 2257 extra
1110 2214 1260 2256 fabros
1299 2230 1348 2257 ac
1380 2218 1617 2257 structores
1650 2216 1770 2258 corui
1812 2232 1909 2259 cum

215 2285 416 2340 peritiam
469 2286 639 2341 positus
691 2285 803 2329 sicut
860 2302 1012 2342 expers
1111 2300 1190 2328 suo
1222 2287 1344 2328 uictu
1377 2286 1601 2328 miserunt.

215 2359 338 2398 extra
368 2359 550 2412 partem.
1050 2357 1329 2413 Faragonota
1385 2358 1606 2400 intextura
1656 2359 1906 2415 significans

154 2428 365 2470 Esciterit
397 2429 552 2484 expaui
578 2445 682 2472 uero
715 2444 932 2472 exeruero.
1111 2429 1318 2485 cuiusque
1352 2430 1419 2472 dei
1453 2445 1573 2485 opus.

251 2549 281 2581 1.
302 2545 441 2591 Effipia
459 2557 503 2581 ex
521 2546 658 2592 Epipia
678 2557 769 2582 corr.
784 2547 840 2582 a¹=
861 2547 984 2593 Efipia
1003 2547 1055 2583 αἳ.
1082 2547 1237 2593 epythia
1257 2547 1388 2583 a2b2e2
1408 2549 1449 2582 in
1468 2560 1581 2594 marq.
1602 2550 1614 2593 ΙΙ
1633 2552 1665 2584 4.
1686 2548 1802 2594 Epari
1820 2549 1906 2594 pica

154 2609 238 2641 ante
257 2616 348 2641 corr.
363 2606 383 2640 b
403 2607 414 2651 ΙΙ
435 2609 466 2641 5,
494 2606 680 2641 exanclare
701 2619 724 2642 a
742 2611 775 2642 et
795 2611 878 2642 ante
897 2619 987 2643 corr.
1004 2609 1023 2643 b
1044 2609 1055 2653 ΙΙ
1076 2610 1107 2643 6.
1128 2606 1261 2641 limum
1280 2619 1298 2642 c
1316 2608 1328 2652 ΙΙ
1356 2610 1386 2642 7.
1408 2608 1536 2642 euerto
1555 2607 1709 2642 humero
1733 2609 1770 2642 ίη
1791 2621 1903 2654 mary.

154 2663 194 2699 b²
213 2666 225 2709 ΙΙ
244 2668 276 2700 9.
302 2664 402 2699 Hera
423 2665 460 2700 b²
479 2666 521 2700 in
539 2678 654 2712 υκαι-9.
674 2668 685 2712 ΙΙ
708 2670 761 2701 10.
782 2666 912 2701 laboro
934 2668 980 2703 bc
998 2669 1010 2712 ΙΙ
1030 2670 1085 2703 11.
1108 2678 1204 2711 quae
1223 2669 1320 2702 nane
1341 2668 1371 2702 b.
1399 2679 1423 2711 q
1447 2678 1497 2701 na
1513 2693 1615 2702 .....
1643 2679 1661 2702 c
1680 2669 1691 2712 ΙΙ
1713 2671 1766 2702 12.
1793 2667 1903 2702 Ecro-

155 2723 278 2758 colum
297 2735 314 2759 e
333 2726 344 2769 Η
366 2727 420 2760 15.
446 2724 588 2760 Eximit
607 2737 624 2761 c
643 2727 654 2770 ΙΙ
676 2729 730 2760 16.
756 2725 981 2771 Enunquam
1007 2728 1054 2762 bc
1073 2729 1083 2772 ΙΙ
1103 2730 1158 2761 20.
1186 2726 1328 2772 peritus
1355 2727 1393 2761 et
1417 2738 1435 2762 c
1458 2730 1462 2770 Ι
1484 2725 1664 2772 periciam
1684 2739 1708 2761 a
1729 2728 1734 2770 Ῑ
1756 2727 1904 2772 partem

154 2794 242 2818 uero
269 2794 444 2819 exeruero
471 2797 494 2819 a
530 2786 542 2830 ΙΙ
580 2790 636 2822 21.
663 2797 729 2822 om.
751 2798 791 2821 a:
817 2787 862 2830 ef.
884 2791 935 2822 20
975 2788 979 2830 Ι
1019 2785 1180 2821 Exiterit
1206 2787 1225 2821 b
1258 2787 1312 2831 (sc
1337 2797 1417 2832 sup.
1443 2797 1510 2821 scr.
1537 2787 1634 2830 m.2)
1675 2788 1680 2830 Ι
1715 2797 1786 2831 pro
1812 2798 1901 2822 uero

154 2844 221 2878 lac.
242 2854 260 2878 c
282 2844 286 2886 1
309 2853 466 2877 exeuero
490 2844 510 2878 b
529 2845 540 2889 11
560 2847 615 2880 25.
642 2844 842 2880 iul-erando
862 2847 924 2881 ab.
957 2845 1035 2880 iure
1051 2873 1153 2881 .....
1181 2857 1198 2880 c
1221 2846 1225 2890 Ι
1259 2845 1330 2892 ῥῖθ
1356 2846 1404 2881 b‘.
1436 2856 1502 2891 per
1528 2855 1690 2880 cererem
1715 2856 1805 2881 corr.
1828 2846 1866 2881 b²
1892 2848 1902 2890 j]

153 2906 209 2937 26.
241 2901 491 2937 Emussitatos
523 2914 540 2938 e
573 2915 664 2940 corr.
692 2905 711 2940 b
754 2906 766 2950 ΙΙ
808 2907 866 2941 28,
901 2904 1091 2939 Efflictam
1124 2909 1209 2940 ante
1242 2915 1332 2940 corr.
1361 2905 1381 2939 b
1425 2906 1436 2949 Ι]
1479 2907 1534 2939 29.
1569 2903 1784 2950 Exanglata
1817 2909 1902 2940 ante

152 2972 244 2997 corr.
272 2962 291 2996 b
323 2963 334 3006 ΙΙ
365 2964 420 2996 30.
447 2961 635 2998 Extranea
661 2963 836 2999 abortiua
862 2976 879 2999 c
901 2966 906 3008 1
935 2963 1119 2999 exterciae
1146 2975 1211 2999 om.
1239 2975 1257 2998 e
1281 2965 1293 3008 ΙΙ
1319 2967 1373 2998 33.
1400 2962 1650 2998 INCIPIVNT
1675 2976 1698 2999 α
1717 2965 1729 3008 ΙΙ
1749 2967 1804 2999 36.
1831 2964 1899 2999 Fa-

153 3020 218 3054 cili
238 3021 284 3065 (et
305 3019 382 3054 alla
400 3032 480 3066 sup.
500 3023 582 3066 scr.)
610 3023 640 3058 b.
672 3022 781 3058 Falla
800 3023 905 3058 facili
924 3036 957 3060 α.
991 3023 1099 3058 Falla
1120 3035 1137 3059 c
1159 3024 1164 3069 Ι
1186 3022 1364 3058 salaciam
1385 3035 1407 3058 a
1429 3025 1434 3068 ί
1456 3022 1566 3059 faueo
1586 3035 1610 3059 α
1629 3025 1640 3070 ΙΙ
1660 3027 1715 3059 38.
1743 3024 1845 3058 corui
1865 3036 1897 3059 α.

154 3075 340 3116 communi
366 3081 395 3116 b.
436 3091 501 3115 om.
529 3081 663 3117 lacuna
687 3083 834 3130 siynata
861 3095 879 3119 c
910 3085 921 3129 ΙΙ
