2221 3490
665 140 923 175 EXCERPTA
947 139 1014 173 EX
1040 138 1213 176 CODICE
1239 140 1488 177 VATICANO
1517 144 1608 176 1469
1922 140 2009 182 525

247 250 428 292 Ρ13133113
463 251 610 306 pisata
1209 254 1378 294 uestem
1409 266 1488 294 nec
1520 251 1692 306 plumas
1726 249 1872 292 auium
1904 265 2010 305 pup-

246 322 394 365 Ptisso
427 322 564 365 tundo
597 323 681 365 hoc
713 326 781 365 est
812 322 930 378 pisto
1208 338 1374 379 posque
1406 323 1606 366 uolantes

249 395 521 437 Plumarium
555 394 776 437 clauatum
1149 394 1400 438 Procastria
1438 395 1607 450 edificia
1646 409 1729 450 que
1769 397 1872 436 sunt
1911 396 2010 436 ante

247 467 452 510 Proastia
486 467 738 509 suburbana
1209 470 1354 510 0331313
1384 468 1455 509 uel
1489 474 1612 509 extra
1644 469 1819 522 portam

212 550 228 576 5
248 539 435 595 Propter
466 526 581 580 idest
612 553 748 594 prope
1148 538 1385 582 Proeastor
1415 542 1650 581 uentrosus

246 611 465 653 Psalteria
497 610 667 652 cantrix
1150 609 1337 653 Putatus
1380 611 1623 666 antiquitus
1665 625 1857 666 propuro
1898 611 2010 653 unde

245 683 452 725 Periurus
482 697 644 725 nomen
674 682 810 724 habet
841 682 880 723 R
1209 685 1363 737 putate
1410 682 1525 724 uites
1571 685 1615 724 et
1666 682 1843 724 arbores
1896 683 2011 737 quod

246 754 378 797 Pecte
410 754 524 796 nihil
842 804 855 808 N
1211 753 1366 796 decisis
1399 754 1722 810 impedimentis
1759 756 2013 796 remaneant

246 827 485 869 Pecuatum
517 826 703 868 stultum
1210 840 1317 880 pure
1340 841 1493 868 aurum
1515 841 1684 882 quoque
1705 828 1909 881 putatum
1928 825 2012 867 dici

196 911 226 937 ιο
244 898 484 942 Ρ10311111111
537 900 667 954 porta
721 898 864 953 prima
915 900 982 940 est
1036 898 1112 940 ab-
1212 899 1324 940 solet
1356 898 1470 941 idest
1502 901 1794 954 expurgatum
1821 901 1864 939 et
1897 898 2011 940 ratio

306 972 473 1015 oriente
1210 974 1367 1026 putata
1398 971 1512 1012 idest
1543 970 1774 1026 purafacta

247 1044 456 1099 Pretexta
487 1042 625 1085 uestis
659 1043 888 1085 consulum
1148 1041 1281 1084 Pusio
1332 1043 1543 1098 paruulus
1595 1058 1708 1098 aquo
1754 1042 2012 1084 diminutiue

249 1115 652 1171 Prochotrophium
690 1115 811 1157 locus
847 1115 1112 1157 uenerabilis
1210 1113 1397 1170 pusillus

306 1190 352 1231 in
386 1204 471 1244 quo
504 1202 717 1243 pauperes
753 1190 796 1229 et
836 1187 1000 1229 infirmi
1039 1187 1112 1229 ho-

307 1261 446 1303 mines
478 1262 718 1316 pascuntur
1151 1242 1267 1316 Quot
1306 1260 1359 1301 ad
1400 1274 1630 1301 numerum
1671 1258 1862 1314 pertinet
1901 1259 2014 1301 sicut

246 1333 481 1375 Ptochium
515 1332 727 1387 ospitium
1211 1335 1254 1373 et
1285 1332 1436 1387 quanti
1464 1335 1507 1373 et
1538 1332 1653 1374 tanti
1679 1331 1731 1373 ad
1764 1346 2013 1373 mensuram

245 1404 527 1447 Pretextatus
559 1404 722 1446 nobilis
1211 1405 1285 1446 sed
1324 1403 1466 1446 nostri
1507 1407 1707 1447 auctores
1748 1404 2012 1459 aliquotiens

194 1489 227 1515 15
247 1476 419 1532 Papilla
451 1480 582 1533 caput
615 1479 683 1519 est
718 1491 906 1530 mamme
941 1476 991 1518 de
1027 1490 1112 1532 qua
1212 1480 1398 1532 quantos
1432 1492 1511 1532 pro
1544 1491 1726 1519 numero
1752 1479 1923 1532 ponunt

306 1549 396 1591 exit
428 1549 495 1591 130
528 1549 640 1591 1111ᾶο
674 1549 839 1592 factum
872 1552 940 1591 est
972 1551 1021 1590 ut
1053 1548 1112 1589 di-
1151 1548 1418 1605 Quisquilias
1441 1550 1589 1604 paleas
1611 1549 1929 1591 minutissimas
1944 1548 2013 1590 uel

307 1636 456 1664 camus
472 1621 715 1664 infantibus
732 1636 846 1677 papa
866 1621 980 1663 idest
994 1635 1111 1662 man·
1211 1622 1370 1664 sarculi
1398 1622 1555 1664 minuti
1579 1637 1686 1677 quas
1713 1621 1914 1676 faluppas
1940 1636 2014 1663 uo-

307 1694 416 1736 duca
446 1709 609 1750 papate
649 1694 765 1736 enim
801 1694 985 1736 dicimus
1024 1708 1113 1735 non
1211 1697 1311 1736 cant

306 1781 498 1822 pappare
536 1782 640 1809 nam
673 1769 718 1808 et
756 1766 852 1822 ipso
892 1769 1015 1808 motu
1054 1766 1112 1807 13-
1151 1766 1398 1822 Querquela
1418 1770 1485 1809 est
1511 1766 1648 1808 febris
1677 1766 1789 1809 acris
1811 1781 1860 1808 ac
1887 1766 2014 1808 uehe-

306 1839 479 1881 biorum
512 1839 555 1881 id
590 1839 862 1881 ostendimus
1211 1854 1333 1882 mens
1374 1855 1456 1895 que
1502 1855 1600 1882 cum
1643 1853 1803 1895 magno
1848 1837 2013 1895 frigore

246 1910 518 1955 Plumarium
551 1912 775 1954 clauatum
1211 1913 1324 1955 solet
1355 1912 1504 1955 uenire

246 1982 408 2026 Planos
434 1984 505 2026 uel
531 1984 791 2027 astrofarius
814 1984 1020 2039 deceptor
1048 1997 1110 2024 se-

307 2056 463 2102 ductor
1150 2057 1340 2101 Romani
1385 2071 1542 2114 graues
1586 2057 1797 2099 sublimes
1837 2057 1907 2099 uel
1950 2059 2014 2099 to-

247 2129 514 2185 Plancarpus
549 2129 691 2171 omnis
711 2128 894 2171 'fructus
1209 2132 1364 2172 nantes

244 2199 485 2257 Pancarpie
533 2216 690 2257 0010110
730 2201 908 2244 exuario
953 2215 1110 2257 genere
1150 2204 1373 2246 Rudentes
1386 2202 1510 2244 funes
1522 2201 2012 2257 nauiumquibusnaute

306 2274 465 2316 florum
1210 2276 1308 2318 uela
1341 2274 1612 2330 suspendunt

192 2360 226 2384 20
247 2345 459 2389 Palmites
493 2349 716 2389 sarmenta
1150 2348 1405 2391 Raucifiuus
1432 2361 1609 2388 raucam
1631 2345 1835 2389 emittens
1862 2361 2014 2389 uocem

245 2417 497 2461 Pannosum
545 2419 783 2461 laceratum
829 2419 943 2473 quod
989 2417 1112 2475 uulgi
1150 2421 1272 2463 Reda
1298 2419 1461 2463 fiscalis
1483 2422 1527 2460 et
1555 2422 1621 2461 est
1642 2419 1861 2475 quoddam
1883 2419 2013 2461 curri-

307 2492 525 2534 laniosum
558 2491 709 2534 dicunt
1211 2493 1298 2536 culi
1331 2507 1467 2549 genus
1502 2493 1615 2547 apud
1647 2492 1789 2548 gallos

246 2562 363 2619 Pape
398 2563 644 2605 interiectio
678 2566 745 2605 est
778 2563 1051 2606 ammirantis
1151 2566 1321 2608 Rebare
1360 2579 1440 2621 pro
1480 2564 1645 2606 rebaris
1684 2563 1798 2605 idest
1831 2563 2014 2605 arbitra-

248 2635 474 2678 Parasitus
515 2638 697 2691 paratus
730 2634 936 2677 iniuriam
968 2636 1111 2679 facere
1210 2638 1329 2680 baris

307 2710 351 2750 et
390 2708 485 2764 pati
525 2708 597 2750 uel
639 2708 714 2763 qui
754 2706 874 2750 iocos
917 2708 1025 2750 facit
1062 2711 1112 2750 ut
1151 2710 1370 2753 Redhibet
1409 2709 1655 2764 impensam
1697 2708 1782 2751 sibi
1823 2708 2014 2764 gratiam

307 2782 506 2822 uentrem
538 2780 721 2835 impleat
746 2780 817 2822 uel
844 2779 1111 2823 domesticus
1210 2782 1353 2824 reddit

2033 1057 2067 1084 30

307 2852 421 2894 idest
453 2852 588 2895 cliens
1151 2855 1314 2897 Remur
1347 2853 1620 2909 suspicamur
1653 2853 1920 2895 arbitramur
1951 2868 2014 2895 re·
2033 2864 2069 2889 40

248 2923 535 2980 Presumptor
569 2925 709 2966 audax
735 2924 906 2980 sibique
935 2925 1112 2980 placens
1212 2926 1442 2969 cordamur

194 3007 228 3033 25
247 2994 477 3052 Paulisper
496 2997 751 3039 minutatim
771 2995 985 3052 paulatim
1000 3000 1113 3040 cata·
1151 2999 1332 3042 Ricinus
1373 2998 1533 3040 dicitur
1574 2998 1627 3039 ab
1668 3013 1717 3040 eo
1761 2997 1877 3053 quod
1914 3012 2014 3052 pos-

307 3069 486 3112 modum
519 3069 838 3125 aliquantisper
1209 3073 1384 3127 tergum
1404 3070 1583 3112 reicitur
1610 3070 1724 3125 quod
1749 3068 1884 3125 uulgo
1913 3068 2014 3111 dici-

247 3139 426 3197 Puppus
471 3142 600 3183 flores
647 3142 856 3183 arborum
899 3141 1112 3187 lucretius
1209 3145 1283 3185 tur
1314 3145 1513 3185 mauorte
