2175 3428
173 126 260 168 250
628 123 884 160 EXCERJPOEA
910 124 974 158 Ex
1001 124 1144 160 Lissrzo
1173 124 1466 160 GLossARVM

172 236 403 278 Toxicatas
438 234 594 277 toxicis
631 233 808 276 uenenis
846 233 1030 277 infectas
1129 234 1222 290 egit
1271 234 1473 290 idemque
1522 235 1655 277 etiam
1700 237 1929 292 conposuit

173 307 382 349 Trabaria
407 306 609 348 nauicula
636 309 702 348 est
730 321 859 361 quam
885 307 1029 350 fluuiis
1128 306 1260 348 libius
1307 306 1566 350 andronicus
1612 307 1773 362 duplici
1823 310 1928 364 toga

231 381 415 420 utuntur
1127 371 1338 420 infulatus
1350 376 1383 435 3)

171 451 337 492 Trabea
368 450 563 505 porticus
598 453 714 492 tecta
747 451 905 494 dicitur
1070 449 1397 506 Traguedorum
1415 450 1586 492 coturni
1601 453 1703 493 sunt
1715 466 1822 506 quos
1839 452 1928 506 qui-

170 523 337 564 Trabea
369 537 505 579 genus
538 523 675 565 uestis
707 523 750 565 id
785 526 851 565 est
883 524 1029 581 regiae
1128 522 1226 564 dem
1259 522 1392 564 etiam
1424 522 1601 565 colonos
1635 523 1911 578 appellarunt

133 607 148 631 5
170 595 338 636 Trabea
370 594 507 636 uestis
540 594 662 651 regia
694 595 763 637 uel
798 598 904 651 toga
1067 594 1246 636 Trames
1265 595 1558 651 conpendiosa
1577 594 1650 637 uia
1666 609 1775 650 quae
1790 597 1928 637 trans—

167 665 373 708 Trabeati
424 666 578 708 trabea
621 669 744 709 ueste
794 667 937 710 induti
982 672 1031 711 ut
1127 666 1269 708 mittit

227 740 294 779 est
326 738 433 779 illud
1068 737 1234 781 Tranat
1259 740 1435 795 proprie
1457 740 1507 782 de
1535 754 1652 781 mare
1673 739 1833 782 dieitur
1853 740 1926 782 sed
1994 720 2032 755 ἢ

168 808 404 867 Tractim¹)
438 810 554 852 lente
1127 811 1391 853 transfertur
1442 812 1704 867 aliquotiens
1753 812 1926 854 adarem
2000 801 2010 809 i

168 882 308 924 Trahe
348 897 431 937 que
471 882 622 925 sustiei
655 884 829 940 tragula
867 889 1028 928 uocant
1125 886 1173 924 ut
1205 884 1380 940 gemina
1413 884 1584 925 senauit
1618 884 1671 925 ad
1703 883 1854 926 arches

227 953 386 1011 (Viry.)
1067 955 1232 997 Tranas
1260 956 1434 1011 quidam
1461 958 1620 1011 putant
1647 970 1740 997 esse
1767 956 1925 1011 quibus
1985 962 2073 1051 x

167 1025 405 1068 Traeoedia
450 1030 517 1069 est
563 1043 671 1083 quae
717 1043 784 1070 res
829 1029 1026 1084 publicas
1124 1028 1171 1069 in
1203 1043 1303 1070 area
1336 1028 1561 1084 colligitur
1596 1026 1824 1082 paululum
1855 1028 1926 1070 do·
1988 1026 2083 1141 ‘'iz'‘

228 1098 521 1154 amplissimas
555 1102 599 1141 et
631 1115 784 1156 regum
817 1101 1056 1149 historias,
1123 1103 1254 1142 natus
1288 1115 1390 1142 uero
1419 1100 1525 1142 dicit
1557 1098 1799 1156 uehicula4)
1831 1114 1924 1141 esse

227 1171 423 1212 continet
465 1172 730 1214 traeoediam
772 1176 918 1215 autem
957 1173 1028 1231 a2)
1127 1172 1276 1213 trahas
1310 1172 1401 1214 sine
1435 1172 1543 1214 rotis
1577 1170 1656 1227 (134)

226 1242 522 1297 melpoemene
539 1259 662 1286 musa
683 1248 885 1287 asserunt
900 1249 1027 1301 poete
1067 1244 1259 1286 Traneus
1281 1246 1483 1286 tueorum
1500 1243 1651 1300 lingua
1665 1243 1796 1285 iulius
1811 1259 1926 1286 men-
1946 1255 1979 1280 15

227 1314 450 1356 inuentam
502 1316 618 1358 dicta
670 1319 815 1359 autem
862 1321 929 1360 est
978 1322 1028 1361 ut
1127 1316 1185 1358 sis
1218 1316 1377 1358 dieitur
1410 1314 1488 1373 (R)

228 1387 405 1441 quidam
437 1387 584 1430 ferunt
619 1404 644 1431 a
676 1392 806 1446 trogo
844 1390 928 1433 hoo
961 1394 1027 1433 est
1065 1389 1246 1431 Trastra
1278 1388 1430 1430 sedilia
1461 1391 1695 1430 nautarum
1721 1387 1813 1430 siue
1840 1403 1925 1430 me-

226 1459 360 1514 hyreo
416 1461 529 1514 quod
586 1460 712 1503 initio
770 1462 1026 1505 canentibus
1125 1461 1217 1503 dias
1250 1464 1397 1516 partes
1430 1461 1604 1503 naniam

225 1531 440 1586 premium
462 1536 556 1574 erat
581 1532 740 1588 hyrcus
762 1534 850 1576 iam
871 1535 1025 1578 dehine
1064 1533 1244 1575 Tribula
1277 1533 1477 1575 machina
1505 1548 1588 1588 quo
1615 1532 1762 1589 fruges
1789 1531 1923 1574 tribu-

226 1604 445 1645 traeoedia
465 1619 545 1660 pro
566 1605 843 1660 insequentes
870 1610 1023 1662 poetas
1122 1607 1270 1648 lantur
1304 1603 1425 1663 (Cic.)

225 1675 413 1718 multum
463 1678 615 1720 florem
661 1678 817 1734 adepta
861 1681 929 1721 est
979 1679 1025 1721 in
1062 1678 1243 1720 Tribula
1269 1678 1323 1720 ad
1348 1678 1618 1720 triturandas
1646 1692 1807 1719 messes
1835 1693 1922 1719 ma—

226 1746 369 1789 choris
402 1748 447 1790 in
475 1750 655 1792 canticis
683 1753 727 1792 et
754 1752 1023 1807 argumentis
1123 1751 1251 1793 ehina
1284 1747 1408 1807 (Cic.)

225 1819 473 1863 fabularum
491 1823 545 1864 ad
564 1822 765 1865 ueritatis
786 1823 1022 1879 imaginem
1062 1823 1242 1865 Tribula
1270 1837 1405 1879 genus
1427 1821 1619 1864 uehicnli
1645 1822 1757 1864 unde
1778 1824 1921 1864 terun-

224 1892 338 1934 fictis
389 1894 632 1937 traeoedias
678 1898 825 1937 autem
871 1897 1023 1939 ennius
1121 1898 1194 1937 tur
1214 1894 1434 1936 frumenta
1454 1897 1497 1936 et
1524 1892 1689 1951 obitass)
1716 1896 1921 1936 uocatum

225 1962 313 2005 fere
347 1979 496 2007 omnes
530 1981 581 2008 ex
614 1967 753 2023 grecis
795 1969 1023 2010 transtulit
1123 1964 1242 2024 (Cic.)

223 2036 435 2090 plurimas
458 2038 672 2093 euripides
692 2040 921 2083 nonuallas
944 2041 1022 2083 ari-
1061 2039 1306 2081 Tribulatio
1340 2038 1546 2081 contritio
1580 2037 1826 2080 amaritudo
1940 2048 1974 2074 20

225 2108 425 2150 starchus
1060 2111 1229 2153 Tribuli
1262 2126 1497 2166 spanarum
1529 2125 1665 2167 genus

113 2195 144 2218 10
165 2179 422 2222 Tracoedias
457 2182 673 2224 comedias
708 2198 816 2238 quae
855 2184 1021 2239 primus
1060 2183 1230 2225 Tribuli
1263 2197 1399 2239 genus
1433 2182 1533 2225 erbe
1567 2182 1767 2238 spinosae

263 2336 296 2378 1)
331 2346 349 2369 o
375 2347 419 2370 ea:
446 2337 507 2370 cta
526 2337 537 2380 Η
558 2338 592 2380 2)
614 2341 742 2382 postea
768 2338 852 2373 add.
880 2349 923 2373 m.
941 2342 959 2372 1
991 2341 1049 2381 (m.
1065 2338 1136 2382 2?)
1158 2339 1169 2383 ΙΙ
1190 2339 1226 2383 3)
1252 2339 1347 2374 hanc
1371 2338 1527 2384 qlossam
1554 2339 1595 2373 in
1620 2348 1692 2372 ras.
1722 2349 1766 2373 m.
1784 2341 1801 2372 1
1823 2348 1891 2373 scr.

166 2395 200 2438 4)
235 2406 257 2428 u
285 2399 369 2430 ante
395 2395 407 2429 l
433 2407 459 2431 s.
487 2407 555 2432 scr.
581 2409 625 2433 m.
642 2401 667 2433 2
706 2399 717 2442 ΙΙ
757 2398 792 2442 5)
824 2397 870 2433 ob
896 2410 941 2433 ea:
966 2397 1004 2432 lb
1034 2410 1076 2433 m.
1096 2402 1114 2433 1
1145 2399 1157 2444 ΙΙ

262 2531 292 2563 1.
320 2528 521 2563 Toxicatus
548 2529 559 2572 Η
585 2532 616 2564 2.
645 2540 758 2573 quam
783 2529 823 2563 in
849 2541 893 2564 ea:
918 2541 1031 2574 quam
1057 2541 1147 2565 corr.
1169 2532 1180 2575 Η
1207 2534 1237 2565 8.
1266 2529 1397 2564 rustici
1423 2531 1434 2574 Η
1461 2533 1492 2565 9.
1519 2528 1732 2575 Tragoedia
1757 2540 1802 2564 ea:
1827 2529 1916 2563 Tra-

166 2587 297 2622 coedia
323 2600 414 2624 corr.
439 2592 443 2633 l
467 2588 703 2634 'tragoediam
725 2591 730 2632 Ι
752 2589 985 2634 melpomene
1012 2601 1056 2625 ecc
1080 2589 1335 2635 melpoemene
1361 2602 1452 2626 corr.
1476 2590 1481 2636 Ι
1503 2589 1711 2635 proemium
1733 2591 1738 2633 1
1760 2588 1885 2623 hircus
1909 2589 1912 2634 Ι

165 2647 361 2694 tragoedia
387 2660 430 2683 esc
455 2649 625 2684 tracedia
650 2661 741 2685 corr.
768 2661 812 2685 m.
829 2654 851 2685 6
874 2652 879 2695 Ι
906 2661 973 2695 per
1001 2652 1006 2695 Ι
1033 2650 1160 2684 florem
1186 2663 1231 2686 m.
1250 2655 1278 2695 1,
1305 2650 1484 2685 honorem
1509 2662 1554 2685 m.
1571 2653 1593 2685 6
1622 2652 1627 2693 Ι
1656 2648 1751 2684 coris
1779 2651 1784 2692 Ι
1811 2660 1915 2694 yma—

165 2707 291 2752 ginem
319 2713 322 2750 z
352 2709 567 2755 tragoedias
591 2711 595 2754 Ι
618 2709 818 2744 nonnullas
845 2722 889 2745 ew
914 2709 1113 2744 nonuallas
1140 2722 1231 2746 corr.
1256 2712 1260 2754 Ι
1283 2709 1366 2745 isid.
1394 2711 1469 2746 cod.
1496 2711 1508 2755 ΙΙ
1535 2713 1588 2744 10.
1617 2708 1846 2754 Tragoedias
1872 2721 1916 2745 ea:

164 2767 390 2803 Tracoedias
417 2780 508 2805 corr.
533 2772 537 2813 Ι
559 2769 673 2804 liuius
694 2782 738 2805 ea:
764 2769 877 2804 libius
903 2782 994 2806 corr.
1019 2771 1023 2815 Ι
1047 2769 1152 2815 dupli
1172 2782 1216 2806 ω)
1235 2769 1369 2815 duppli
1389 2781 1460 2806 orr.
1485 2769 1489 2816 Ι
1518 2768 1601 2804 isid.
1629 2769 1704 2804 cod.
1732 2770 1744 2814 ΙΙ
1773 2772 1826 2804 11.
1855 2780 1914 2803 co-

165 2827 265 2861 turni
291 2840 336 2863 erc
361 2828 510 2863 cuturni
535 2840 625 2866 corr.
650 2833 654 2873 1
677 2829 833 2874 quidam
858 2842 902 2865 esc
928 2829 1079 2874 quidem
1105 2841 1196 2865 corr.
1220 2832 1224 2875 1
1247 2829 1330 2865 isid.
1358 2830 1433 2865 eod.
1467 2831 1478 2874 ΙῙ
1511 2833 1565 2864 12.
1593 2828 1846 2874 conpendiosa
1871 2841 1915 2864 ex

165 2887 418 2933 conpendiora
443 2901 533 2925 corr.
572 2891 584 2933 ΙΙ
623 2892 676 2924 13.
704 2889 799 2924 mari
828 2893 832 2934 ἦ
867 2890 995 2925 adrem
1021 2901 1066 2925 ea:
1092 2890 1245 2925 adarem
1270 2901 1362 2925 corr.
1392 2892 1396 2933 Ι
1431 2901 1534 2925 arces
1560 2901 1605 2924 ex
1631 2889 1760 2924 arches
1786 2901 1876 2925 corr.
1903 2889 1915 2935 Η

168 2951 220 2982 14.
247 2947 390 2982 'Prahas
417 2959 460 2984 eas
485 2948 628 2983 'rx-anas
655 2961 744 2985 corr.
770 2951 773 2991 1
796 2949 992 2995 paululum
1018 2961 1083 2985 om.
1109 2952 1113 2994 Ι
1142 2949 1317 2984 uehicula
1342 2962 1386 2985 ex
1412 2949 1562 2984 uehiela
1587 2961 1676 2986 corr.
1710 2949 1722 2994 ΙΙ
1755 2951 1809 2983 15.
1836 2949 1912 2982 tus-

166 3018 293 3041 corum
318 3020 362 3043 ex
387 3009 559 3043 tucorum
584 3020 674 3045 corr.
707 3011 719 3054 ΙΙ
753 3014 807 3045 16.
835 3009 1016 3045 Transtra
1041 3021 1086 3044 (τε
1111 3010 1264 3044 'frastra
1289 3022 1380 3045 corr.
1405 3011 1409 3052 Ι
1433 3009 1503 3044 siui
1536 3011 1547 3054 ΙΙ
1581 3013 1634 3044 17.
1667 3007 1844 3043 machina
1869 3019 1914 3044 ex

166 3062 314 3101 maehia
339 3079 431 3103 corr.
461 3072 465 3109 1
502 3080 576 3113 qua
602 3080 646 3105 ex
671 3080 743 3114 que
769 3081 860 3105 corr.
899 3071 910 3115 ΙΙ
950 3073 1003 3104 19.
1031 3068 1078 3104 ob
1105 3069 1174 3104 hoe
1201 3069 1255 3104 ita
1292 3071 1304 3114 ΙΙ
1342 3073 1397 3104 21.
1425 3068 1616 3114 spinarum
1642 3080 1686 3104 ea:
1711 3078 1912 3114 spanarum

166 3138 256 3162 corr.
289 3129 299 3171 ΙΙ
331 3130 387 3162 22.
414 3126 527 3162 herbe
558 3129 570 3172 ΙΙ

2166 3136 2175 3428 &man-r*
2170 2870 2175 3124 -ss--ss—mr„
2168 2846 2175 2859 *A
2174 2830 2175 2836 r
2174 2817 2175 2822 „
