2221 3490
875 151 1089 187 GLossAE
1117 151 1369 187 SCALIGERI

244 261 503 303 Praedarius
535 262 749 316 praebens
783 261 996 303 auxilium

244 332 539 389 Praerogator
571 333 850 388 dispensator

245 403 518 446 Praetoriola
551 404 811 446 domuncula
845 405 890 446 in
922 405 1024 446 naui

247 547 441 603 Quadras
475 548 559 590 duo
593 548 764 589 minuta

210 630 226 655 5
248 619 548 670 Quaestuosus
581 620 793 674 ποριστής

249 691 519 741 Quantocius
556 695 721 747 quanto
755 691 950 733 uelocius

248 762 562 812 Quaestuarius
596 763 669 818 qui
698 765 882 818 quaestu
913 763 1109 818 corporis

306 835 421 876 uiuit

249 907 556 957 Querelantem
590 908 785 962 querelas
820 906 1072 949 afferentem

247 1050 486 1093 Remotum

195 1134 228 1158 10
252 1123 392 1165 Ructa
431 1124 500 1165 uel
540 1123 712 1165 frumen
750 1124 796 1165 in
833 1123 1009 1165 homine
1043 1139 1110 1165 ru-

309 1210 407 1236 men
431 1195 476 1236 in
496 1196 640 1237 bestia
662 1211 762 1250 pars
791 1196 984 1251 gutturis
1013 1210 1110 1251 gur-

308 1267 479 1323 gulioni
510 1267 710 1322 proxima

248 1339 472 1381 Reburrus
507 1339 703 1395 hispidus

248 1411 374 1468 Roga
407 1412 684 1467 eleemosyna

249 1483 457 1526 Raricent
488 1484 706 1538 patricent

249 1555 390 1597 Rator
422 1556 549 1597 iudex

198 1637 230 1663 15
250 1627 559 1669 Redandruare
593 1629 779 1684 gratiam
813 1629 972 1671 referre

249 1699 471 1742 Redubias
504 1700 712 1756 reliquias

249 1771 446 1813 Reducta
479 1787 671 1815 concaua
704 1774 909 1828 depressa

250 1843 450 1900 Regillus
483 1845 662 1901 regulus

250 1916 560 1972 Regimonium
594 1918 958 1973 gubernationem

197 2000 231 2025 20
250 1987 561 2030 Remasculata
574 1990 692 2031 uirili
709 1990 873 2032 uirtute
890 1993 1114 2045 resumpta

251 2061 464 2113 Bemillus
498 2061 714 2116 repandus

251 2132 414 2175 Rendis
449 2132 620 2189 requies
655 2133 802 2174 ociosa

252 2204 482 2260 Repatriat
515 2205 568 2246 ad
600 2206 788 2260 patriam
821 2206 934 2247 redit

251 2275 522 2332 Repignerat
554 2277 714 2333 pignus
748 2277 903 2333 recipit

196 2359 230 2385 25
253 2348 571 2403 Repluentibus
605 2349 983 2391 exabundantibus

254 2420 453 2462 Retanda
484 2421 710 2477 purganda

253 2491 467 2534 Reuidare
501 2493 663 2534 reuerti
690 2493 828 2535 redire
863 2494 1065 2549 repedare

254 2563 446 2606 Rimidia
479 2565 652 2619 crepido

254 2635 389 2677 Rinas
422 2651 556 2678 naues

199 2720 235 2745 30
254 2707 521 2764 Rogatarius
555 2709 721 2763 petitor

255 2780 372 2822 Rues
406 2780 532 2823 ruina

254 2852 381 2894 Runa
412 2867 561 2909 pugna

255 2924 431 2966 Runata
460 2924 675 2980 praeliata

256 2996 449 3039 Recidua
482 3011 533 3038 ex
565 2996 703 3038 ruinis
737 2997 1010 3039 renascentia

203 3078 237 3105 35
259 3068 460 3110 Ruffatus
494 3068 705 3124 sanguine
738 3071 944 3110 cruentus

257 3139 383 3195 Rupa
416 3155 467 3182 ex
499 3143 685 3196 utraque
718 3129 841 3195 parte
875 3143 1003 3183 acuta

329 3216 416 3248 Corp.
438 3217 530 3250 gloss.
549 3218 603 3243 lat.
626 3219 701 3244 tom·
720 3218 755 3243 V.

1919 150 2004 192 609

1145 261 1313 302 Reuma
1354 260 1506 302 effusio
1553 260 1685 301 maris
1726 260 1897 315 quando
1942 274 2007 301 ac-

1206 332 1400 374 cessione
1435 331 1566 374 maris
1599 332 1645 373 in
1676 331 1807 373 fossis
1842 331 2007 386 colligi-

1206 406 1278 445 tur
1311 406 1354 445 et
1386 406 1581 445 remanet
1614 418 1727 458 aqua

1147 474 1340 516 Redulus
1365 477 1505 516 strues
1526 475 1746 530 lignorum
1762 475 2007 516 ardentium

1146 546 1323 588 Rallum
1356 546 1570 588 rasorium

1146 617 1337 659 Rumare
1371 633 1565 660 rumores
1600 618 1767 660 adferre
2026 630 2062 654 40

1148 689 1456 732 Recitabulum
1489 690 1563 731 ubi
1598 691 1808 732 recitatur

1149 761 1347 803 Rectitas
1369 761 1540 803 iustitia
1561 762 1758 818 aequitas
1781 766 1824 804 et
1845 763 2007 804 ueritas

1150 834 1351 875 Randum
1384 833 1686 875 arbitrandum

1147 905 1422 947 Redimicula
1478 906 1617 947 uittae
1670 906 1827 961 quibus
1878 907 2010 947 mitra

1207 978 1373 1034 ligatur

1149 1050 1429 1106 Recognatus
1463 1050 1578 1091 filius
1611 1050 1750 1105 patris
2029 1060 2065 1086 45

1148 1122 1394 1164 Redhibere
1428 1121 1605 1164 reddere

1150 1193 1384 1236 Ratiscunt
1418 1194 1819 1235 adaestimauerunt

1150 1266 1386 1308 Refrontat
1421 1266 1595 1321 repellit
1629 1282 1654 1308 a
1686 1266 1830 1307 fronte

1150 1338 1337 1380 Remjllo
1368 1339 1557 1392 repando
1591 1337 1793 1393 pronullo

1150 1410 1432 1452 Remilicines
1466 1410 1770 1452 remoratrices
2030 1422 2065 1447 50

1151 1482 1287 1524 Rimas
1320 1497 1454 1524 naues
1487 1483 1556 1523 uel
1590 1497 1736 1524 massa

1150 1554 1347 1609 Rupinas
1382 1554 1569 1609 abrupta
1603 1555 1817 1596 montium

1152 1627 1407 1682 Ruspantur
1440 1627 1698 1681 perquirunt
1731 1627 1856 1668 anxie

1151 1699 1286 1741 Rauit
1318 1699 1436 1741 rauie
1469 1698 1666 1753 loquitur

1153 1771 1369 1826 Receptor
1402 1774 1524 1813 actor
1555 1771 1809 1812 concordiae
1844 1771 2011 1812 medius
2033 1784 2068 1808 ›5

1154 1843 1308 1885 Retica
1352 1843 1472 1899 ligna
1519 1843 1677 1898 quibus
1723 1843 1845 1898 ligna
1883 1842 2014 1884 subli—

1213 1918 1388 1957 mantur

1155 2058 1400 2102 Sarcitator
1434 2059 1508 2114 qui
1541 2062 1662 2102 recta
1693 2060 1876 2102 resarcit

1157 2131 1387 2173 Sabarium
1421 2131 1584 2173 atrium
1617 2132 1781 2187 templi.
1815 2132 1934 2174 Chal.

1154 2203 1470 2245 Sambucistrio
1505 2204 1691 2245 saltator

1154 2274 1433 2318 Sancenissat
1465 2276 1656 2317 laetatur
1689 2275 1934 2330 triumphat
2034 2289 2068 2312 00

1155 2346 1332 2390 sardius
1367 2347 1527 2390 sacella
1559 2348 1654 2390 loca
1687 2362 1811 2389 sacra

1158 2419 1314 2462 Saures
1349 2420 1510 2462 sorices

1155 2490 1404 2533 Scammata
1437 2507 1591 2534 arenae
1619 2492 1694 2533 ubi
1727 2492 1919 2534 athletae
1951 2491 2005 2532 lu-

1215 2566 1336 2606 etant

1157 2634 1286 2677 Screa
1317 2636 1479 2690 pituita

1156 2706 1423 2749 Scrutinium
1436 2708 1550 2763 quod
1562 2708 1750 2750 infantes
1764 2710 2014 2750 scrutantur
2034 2720 2069 2745 65

1157 2779 1310 2822 Scriba
1343 2780 1562 2822 aedilitius
1595 2781 1668 2836 qui
1700 2796 1750 2822 ex
1784 2780 1920 2821 aedile
1947 2782 2015 2822 est

1157 2850 1392 2894 Simultum
1424 2853 1587 2894 uei-mis
1621 2853 1666 2894 in
1698 2867 1831 2894 cornu
1865 2851 2013 2893 arietis

1157 2922 1356 2979 Scripula
1388 2925 1584 2980 epistola.
1626 2924 1816 2980 scripula
1856 2923 2015 2966 sollici-

1216 2998 1334 3038 tator

1158 3067 1311 3110 Sector
1337 3071 1572 3124 usurpator
1591 3069 1661 3111 uel
1688 3069 1904 3110 bonorum
1923 3068 2016 3110 uin-

1217 3140 1333 3182 dicta

1681 3216 1725 3247 39
