2221 3490
247 154 335 195 560

652 150 906 185 EXCERPTA
932 148 996 183 EX
1024 147 1198 184 CODICE
1225 147 1507 183 CASSINENSI
1534 152 1580 182 90

247 263 479 305 Acronicte
513 261 637 302 stelle
665 274 746 314 que
775 259 974 301 oriuntur
1003 273 1101 300 cum
1141 258 1336 300 Alietum
1367 260 1527 299 noctua

310 335 375 376 sol
409 332 566 375 occidit

1139 330 1264 372 Allec
1297 329 1490 384 aliquore
1524 328 1888 370 salsamentorum

245 409 408 448 Acersa
440 404 556 459 quod
589 402 814 445 sacrificiis
848 400 1071 442 adhibitur
1139 401 1283 442 Allers
1316 401 1470 444 doctus

245 477 445 519 Acotizet
477 477 677 529 crumpat

194 587 197 590 .
244 547 436 603 Acquiro
469 562 519 588 ex
552 549 737 600 utroque
770 546 834 586 lat
867 559 1000 599 quero

208 635 223 659 5
246 619 547 662 Acrocordane
581 632 759 659 uerruce

245 692 398 733 Actius
431 691 551 732 locus
585 690 630 730 in

247 763 413 818 Acupio
435 763 639 816 laqueum
661 761 729 802 uel
745 760 847 814 quia
867 760 987 801 uium
1008 774 1103 801 can·
1142 759 1296 801 Alai-es
1329 759 1568 801 caballares

305 839 399 876 tum
433 833 656 876 auscultat

245 906 464 949 Accucula
495 905 565 946 uel
596 904 776 946 cicicula
803 918 889 958 qua
920 905 1104 945 utuntur

305 978 507 1021 mulieres
541 976 799 1018 adornatum
832 974 987 1029 capitis
1202 977 1372 1016 montes

245 1052 507 1106 Adungnem
527 1048 580 1090 ad
604 1048 781 1102 plenum
803 1047 855 1088 ad
876 1044 1103 1101 perfectio-

305 1138 405 1164 Hem

194 1210 226 1234 ιο
248 1194 464 1248 Adipatus
497 1192 600 1247 pani
634 1191 758 1247 adipe
792 1190 1014 1232 confectus

246 1265 486 1306 Adlubium
507 1264 732 1305 ruinarum
753 1277 907 1317 parum
923 1276 974 1303 ex
995 1275 1107 1316 aqua

248 1337 460 1378 Adimitio
494 1334 705 1390 adimptio

247 1409 487 1451 Adfuluum
519 1407 689 1449 fuscum
723 1406 981 1462 subnigrum

247 1482 461 1525 Adolator
492 1479 777 1521 lemosinator
809 1478 956 1519 fautor
1205 1491 1255 1517 ex
1288 1477 1495 1518 amussim

194 1568 228 1593 15
247 1553 315 1595 Ad
349 1552 586 1594 textrinum
620 1551 672 1592 ad
705 1549 938 1592 texendum

250 1625 409 1667 Adorie
430 1638 609 1666 numero
637 1625 811 1664 tantum
835 1621 994 1675 plurali
1017 1621 1105 1661 lau-

308 1698 382 1739 des
403 1695 586 1748 uictorie
603 1697 646 1736 et
662 1697 728 1735 est
744 1693 928 1734 latinum
948 1707 1107 1734 nomen
1144 1691 1284 1733 Auclo
1317 1692 1495 1746 perficio

247 1769 491 1811 Adfabrum
503 1766 791 1808 artificiosum
802 1765 913 1806 idest
925 1768 969 1807 013
978 1779 1107 1820 quem

311 1856 361 1883 cx
394 1840 501 1882 foris
535 1841 638 1880 sunt
669 1837 786 1879 facta
1207 1839 1279 1877 tur

249 1913 514 1956 Adstrabum
549 1910 782 1952 artificiose
1149 1906 1290 1949 Anilis
1323 1907 1464 1949 inanis

250 1987 421 2026 Aenum
454 1998 606 2025 cneum

250 2127 366 2170 Aera
397 2142 625 2180 numerum

1146 1977 1256 2033 Affie
1277 1978 1542 2021 inreuerenti
1562 1982 1605 2021 et
1626 1979 1834 2028 infronite
1855 1979 2004 2020 fronos

199 2072 232 2095 2⁴)
251 2056 482 2112 Aegrescit
514 2055 696 2110 egredus
728 2054 807 2095 fiat
1209 2050 1252 2104 ξ
1281 2051 1452 2106 sapiens
1485 2051 1697 2093 infronita
1728 2051 1939 2106 insipiens

660 2125 898 2180 capitulum
1149 2123 1424 2165 Anostichon
1455 2123 1530 2165 ubi
1562 2123 1710 2164 littera
1743 2138 1823 2178 pro
1856 2122 2006 2164 littera

252 2200 386 2241 Aenis
417 2199 608 2240 fortibus
641 2201 691 2239 ut
729 2197 931 2253 uirgilius
968 2196 1110 2238 uictus
1208 2196 1386 2250 ponitur

313 2271 404 2313 0013
437 2272 692 2325 postergum
722 2270 848 2311 nodis

252 2343 459 2385 Aebolita
491 2341 634 2396 sopita

254 2406 369 2456 Aera
398 2428 627 2455 numerum

201 2502 234 2526 27,
255 2486 432 2528 Aehelis
468 2485 608 2526 inanis

255 2557 367 2599 Affis
399 2556 506 2599 facis

257 2629 456 2671 Afamine
490 2627 790 2669 estimationes

1209 2481 1369 2524 latinos
1400 2481 1535 2523 habet

1149 2554 1321 2595 Annare
1355 2554 1521 2609 fulgere

256 2701 506 2757 Agonizans
537 2713 737 2755 pugnans
1149 2697 1334 2738 Anatale
1368 2697 1571 2739 cenacula

255 2772 458 2829 Agebant
490 2771 690 2813 dicebant

203 2859 236 2883 :³0
260 2844 396 2899 Agela
433 2844 505 2885 uia
542 2843 667 2884 nauis
706 2843 751 2883 in
789 2857 923 2896 aquas
963 2842 1114 2883 (lextra

316 2917 498 2970 leuaque
1151 2912 1362 2967 Antigeni
1393 2911 1513 2967 prius
1546 2911 1684 2967 geniti

260 2988 491 3043 Agimatus
537 2986 610 3041 qui
661 2986 754 3041 agit
798 2985 960 3040 aliquid
1002 2984 1115 3027 idest
1152 2983 1479 3039 Autesignanus
1521 2984 1822 3038 propugnator
1866 2980 2006 3035 signo·

318 3058 566 3113 negotiator
1211 3070 1307 3097 rum

264 3130 394 3184 Alpes
429 3129 583 3184 gallice
617 3129 694 3170 alti
728 3131 898 3171 montes
1153 3127 1272 3169 Auta
1304 3126 1454 3169 tabula

1140 473 1303 514 Allecis
1335 487 1493 514 nomen
1526 471 1659 527 piscis

1140 543 1336 585 Alictum
1388 544 1481 585 auis
1533 543 1688 584 similis
1733 543 1876 598 aquile
1926 542 1999 583 sed

1200 615 1340 657 maior
1369 618 1517 657 tamen
1549 615 1691 657 minor
1724 615 1900 656 uulturc

663 704 795 744 epyro
830 687 1016 743 amplius
1140 687 1309 729 Alsitat
1342 688 1395 729 ab
1429 687 1553 743 algeo
1586 686 1858 742 frequentati

1140 829 1338 873 Allectus
1371 831 1602 873 allectatus

1140 902 1276 957 Alpes
1326 903 1449 944 niues
1501 903 1652 959 lingua
1711 902 1871 958 gallica
1921 902 1999 943 alti

1140 1044 1336 1101 Algones
1370 1061 1470 1088 aues
1503 1047 1670 1088 marina

1142 1119 1257 1159 Ama
1289 1118 1497 1160 circuitus
1531 1121 1699 1160 tractus
1734 1117 1893 1160 olinius

1143 1189 1413 1231 Ammissum
1441 1190 1573 1232 tacite
1595 1190 1715 1245 loqui
1737 1189 1851 1244 quod
1873 1188 2001 1244 mulsl-

1186 1248 1286 1302 'tire
1320 1261 1538 1303 interdum
1572 1261 1731 1303 dicitur

1143 1332 1407 1387 Ampitridis
1439 1333 1629 1375 herculis
1664 1332 1821 1374 orcidis

1144 1404 1322 1446 Amusis
1362 1405 1559 1446 tabulam
1597 1405 1857 1461 lubricatam
1891 1404 2002 1445 unde

1148 1547 1352 1589 Amaxios
1387 1551 1605 1590 amatores

1144 1620 1445 1661 Amblacirum
1479 1621 1667 1674 spatium
1702 1619 1953 1662 ambulandi

1146 1763 1419 1805 Anclabatur
1475 1763 1757 1805 deficiebatur
1807 1762 1999 1804 aurieba-
2023 1777 2058 1803 50

1150 2267 1314 2309 Anclea
1341 2267 1534 2308 serotina
1560 2267 1671 2308 unde
1699 2265 1869 2307 auritur
1896 2279 2008 2320 aqua

1148 2338 1354 2380 Anchora
1385 2339 1497 2394 apud
1531 2352 1710 2394 graecos
1741 2337 1852 2379 unde
1885 2337 2006 2378 uenit
2026 2349 2061 2374 55

661 2412 914 2467 capitalium
949 2426 1048 2466 pars
1208 2425 1296 2452 000
1346 2411 1479 2452 habet
1531 2409 1841 2464 aspirationem
1893 2408 2005 2463 apud

1148 2626 1266 2667 Anes
1300 2640 1407 2667 anus
1440 2629 1507 2667 est
1537 2627 1580 2666 et
1606 2640 1658 2666 ex
1688 2625 1773 2666 hoc
1806 2625 2006 2665 senectus

1151 2767 1308 2810 Anitas
1342 2771 1541 2811 senectus
1574 2768 1644 2809 uel
1677 2765 1897 2821 decrepita

1152 2841 1372 2896 Angerere
1404 2840 1593 2883 lacerare
1626 2838 1817 2882 cruciare

2207 2795 2221 2987 m--ma—
2213 2711 2221 2776 ..-*·
2214 2665 2221 2700 Au„
2218 2623 2221 2643 ...
2219 2608 2221 2612 .
2205 2544 2221 2596 „An
