2175 3428
639 159 894 195 EXCERPTA
920 160 983 194 EX
1010 160 1153 196 LIBRO
1182 160 1472 196 GLOSSARVM

236 284 318 325 que
367 270 437 312 uel
483 270 689 325 quamdiu
740 270 850 312 male
896 270 1031 312 uteris

236 341 415 383 catilina
445 341 704 397 patientiam
736 344 933 384 nostram

178 413 362 463 Qurules
419 413 601 456 lucanus
658 428 881 468 uacuoque
936 414 1032 455 loco

236 499 404 527 cessare
438 485 619 540 quurule
661 485 792 527 sedile
835 485 904 526 uel
938 486 1034 526 sub-

236 557 359 599 sellia

177 628 384 677 Quurulis
430 629 538 671 sella
589 643 743 670 acurru
789 628 890 684 quia
935 628 1034 682 equi

236 700 286 741 de
319 715 448 742 curru
481 700 686 755 quurules
720 699 925 740 dicuntur

177 771 383 821 Quurulis
429 771 535 813 sella
580 771 625 812 in
669 785 755 825 qua
804 771 1033 826 purpurati

235 843 385 885 sedent

175 985 424 1029 Rafimcnta
456 987 770 1028 interramenta

140 1071 156 1096 5
176 1058 376 1100 Ramalia
407 1073 486 1114 pro
514 1057 752 1100 ramalibus
784 1058 932 1112 posuit
960 1057 1034 1100 'seu

235 1146 314 1186 pro
347 1130 567 1172 frontibus
599 1129 670 1171 uel
701 1143 781 1184 pro
818 1129 1034 1183 opatitate

236 1202 395 1245 dicitur
429 1202 543 1243 enim
576 1205 620 1243 ct
653 1200 888 1244 ramalibus

176 1274 378 1316 Ramalia
404 1274 513 1316 rami
541 1274 746 1315 arborum
764 1273 833 1314 uel
858 1272 1033 1315 frondes

173 1346 389 1392 Ramenta
421 1348 668 1387 aeramenta

173 1417 390 1460 Ramenta
420 1432 572 1459 rasura
606 1417 915 1473 cuiuscumque
942 1418 1003 1459 rei

174 1489 438 1532 Ramentum
453 1492 629 1531 tenuem
643 1504 812 1531 ramum
833 1492 1031 1532 tenerum

124 1576 156 1600 ιο
177 1562 440 1604 Ramentum
467 1564 640 1603 tenuem
667 1576 835 1603 ramum
863 1561 1029 1604 aridum

174 1633 439 1676 Ramentum
464 1633 609 1689 puluis
637 1634 709 1687 qui
737 1636 859 1675 ratur
885 1649 936 1676 ex
957 1634 1030 1675 ali-

234 1721 318 1761 qua
351 1706 492 1761 specie

174 1777 432 1820 Ramicosus
466 1778 662 1820 erniosus

174 1849 342 1892 Rancct
373 1849 598 1892 rancidum
631 1853 697 1892 est

175 1921 462 1964 Rancidolum
495 1937 691 1964 amarum

122 2008 153 2033 15
173 1993 453 2036 Ranunculus
487 2010 512 2036 a
544 2010 649 2037 rana
682 1993 941 2048 diminutiue
981 1996 1030 2036 ut

233 2066 351 2109 canis
385 2066 582 2109 canicula

174 2138 443 2194 Raptauerat
481 2138 753 2194 frequentius
796 2139 924 2181 modo
967 2153 1030 2180 ra-

232 2213 389 2266 puerat

177 2283 419 2325 Rarescunt
451 2282 578 2339 pauci
610 2283 721 2325 fiunt

175 2354 452 2397 Rarimantes
486 2354 694 2397 rimantes

175 2426 324 2469 Rastri
356 2427 525 2483 ligones

122 2513 156 2538 20
175 2499 384 2542 Rastrum
414 2498 728 2542 ferramentum
755 2500 923 2555 culture
956 2502 1033 2542 aut

236 2571 395 2614 arando
434 2574 597 2614 terram
629 2574 705 2614 aut
743 2572 901 2615 aritate
934 2573 1032 2615 den-

297 2728 332 2771 1)
365 2726 451 2762 aad.
479 2730 566 2765 ηε
599 2729 612 2773 ll

1842 159 1927 201 239

1131 271 1241 313 tium
1274 274 1439 313 rastros
1473 270 1654 313 dicimus
1683 273 1726 312 et
1759 273 1826 312 est
1859 285 1927 326 ge-

1129 342 1245 384 neris
1303 342 1532 385 masculini
1588 342 1815 397 pluraliter
1865 340 1928 382 hii

1131 414 1262 455 rastri
1293 414 1374 456 hos
1406 416 1570 456 rastros
1602 413 1671 455 his
1705 412 1857 455 rastris
1886 415 1928 454 et

1133 488 1277 527 aratra
1309 484 1513 527 dicuntur
1545 485 1676 527 rastri

1072 556 1206 598 Rates
1239 572 1372 599 naues
1405 557 1579 612 proprie
1618 557 1739 613 ligna
1772 556 1928 612 quibus

1132 628 1280 670 rustiti
1313 628 1529 684 profunda
1561 628 1788 670 fluminum
1813 631 1931 669 tran-

1133 701 1259 740 scunt

1074 769 1273 812 Rebelles
1318 786 1423 826 pace
1466 771 1584 814 facta
1634 773 1797 814 bellum
1843 787 1931 814 mo-

1132 842 1284 884 bentes

1073 912 1217 956 Rellio
1250 917 1351 970 post
1381 931 1532 971 pacem
1564 915 1727 958 factam
1758 931 1929 958 rursum

1133 986 1436 1043 redintegrans
1468 987 1633 1029 bellum

1073 1057 1272 1100 Reboare
1317 1074 1518 1101 resonare
1563 1059 1766 1116 Uirgilius
1810 1061 1930 1102 rebo-

1133 1130 1267 1172 abant
1300 1145 1381 1186 que
1415 1131 1523 1173 silue
1557 1131 1723 1174 cicades

1073 1202 1321 1245 Reboantes
1356 1203 1593 1245 clamantes
1953 1216 1986 1241 25

1072 1274 1273 1316 Reboant
1304 1275 1523 1317 resultant

1071 1346 1273 1389 Reboant
1305 1348 1556 1404 remugiunt

1071 1418 1330 1461 Reboabant
1364 1420 1628 1462 resonabant

1069 1490 1267 1533 Reboare
1302 1491 1488 1534 clamare

1070 1561 1278 1604 Recalent
1323 1563 1462 1606 adhuc
1502 1564 1645 1606 calent
1684 1563 1807 1619 quasi
1846 1563 1929 1621 si¹)
1949 1577 1984 1602 30

1129 1634 1322 1676 dicerent
1343 1638 1386 1677 et
1412 1651 1500 1677 non
1526 1636 1707 1692 longum
1734 1639 1801 1678 est
1828 1639 1932 1678 tem-

1129 1721 1210 1761 pus
1244 1707 1359 1761 quod
1392 1707 1570 1750 fuerunt

1070 1778 1279 1821 Recidiua
1309 1794 1361 1821 ex
1392 1780 1529 1822 ruinis
1562 1780 1785 1823 nascentia

1070 1849 1278 1892 Recidiua
1309 1854 1554 1894 restaurata
1586 1867 1637 1894 ex
1669 1852 1806 1893 ruinis

1070 1921 1263 1964 Recidua
1294 1926 1504 1966 renouata

1069 1993 1261 2036 Recidua
1296 1999 1499 2051 reparata

1074 2066 1262 2109 Recidua
1307 2068 1538 2110 crescendo
1584 2071 1627 2110 et
1672 2067 1925 2123 pullulando
1951 2082 1985 2107 35

1131 2139 1247 2181 dicta
1292 2142 1395 2182 sunt
1438 2141 1546 2194 bene
1588 2154 1692 2196 ergo
1737 2140 1929 2182 recidiua

1130 2210 1205 2252 ubi
1238 2226 1355 2254 mors
1389 2214 1465 2253 aut
1497 2226 1623 2254 casus

1071 2282 1280 2340 Recidiua
1311 2286 1513 2339 reparata
1545 2282 1705 2340 (Vim.)

1071 2355 1281 2397 Recidiua
1312 2355 1508 2398 rediuiua
1541 2353 1698 2413 (γίνῃ.)

1071 2426 1319 2469 Recidiuari
1345 2427 1388 2469 id
1409 2430 1476 2470 est
1502 2441 1713 2470 renouare
1735 2425 1929 2485 (Galeni)

1071 2497 1332 2542 Recidibant
1377 2499 1516 2541 denuo
1556 2499 1609 2541 ad
1649 2499 1763 2554 quod
1808 2499 1928 2554 prius

1130 2571 1304 2614 fuerant
1335 2574 1614 2614 reuertuntur
1646 2569 1838 2629 (Galemt)

175 2858 313 2894 ueteris
336 2862 340 2904 l
363 2858 570 2894 catalinam
592 2862 596 2903 Ι
619 2857 848 2904 pacientiam
879 2861 890 2906 ΙΙ
926 2865 954 2896 1.
983 2859 1156 2903 Quuriles
1178 2861 1183 2905 1
1206 2856 1436 2904 uacuoploco
1460 2856 1465 2905 Ι
1494 2856 1639 2903 qum-ile
1668 2858 1679 2902 ΙΙ
1711 2859 1742 2892 2.
1771 2856 1861 2902 quia
1889 2858 1927 2893 et

175 2918 240 2963 qui
263 2922 267 2963 Ι
290 2918 466 2963 quarules
497 2919 509 2964 ΙΙ
541 2921 573 2954 5.
600 2916 795 2954 frondibus
818 2920 823 2964 Ι
846 2919 1037 2964 opacitate
1065 2921 1076 2965 ΙΙ
1109 2924 1161 2955 11.
1188 2918 1334 2953 raditur
1360 2921 1372 2963 ΙΙ
1395 2921 1451 2953 14.
1478 2916 1703 2952 Raoidolum
1730 2920 1742 2962 Η
1772 2920 1827 2953 15.
1853 2917 1926 2952 Ra-

174 2978 371 3014 niunculus
397 2980 409 3024 ΙΙ
434 2982 489 3014 20.
517 2979 619 3013 terra
640 2980 645 3023 Ι
669 2978 849 3014 araritate
874 2980 886 3025 11
912 2983 968 3016 21.
995 2978 1126 3014 rustici
1151 2980 1162 3025 ΙΙ
1190 2982 1244 3013 23.
1272 2977 1506 3023 redintegras
1534 2979 1544 3022 Ι]
1570 2980 1625 3011 24.
1653 2976 1821 3012 Rebcare
1844 2978 1849 3022 Ι
1871 2988 1928 3012 re-

180 3049 312 3074 sonare
332 3051 349 3074 e
369 3050 461 3075 corr.
482 3039 494 3083 ΙΙ
513 3041 569 3074 27.
596 3038 811 3085 remagiunt
829 3041 840 3084 ΙΙ
860 3042 916 3074 28.
943 3039 1170 3075 Reboabunt
1191 3039 1197 3083 1
1219 3037 1449 3072 resonabunt
1467 3038 1479 3082 ΙΙ
1499 3040 1555 3072 30.
1575 3035 1731 3071 Recalet
1749 3038 1761 3082 ΙΙ
1781 3040 1835 3073 31.
1863 3037 1933 3072 Re-

181 3098 318 3134 cidicia
336 3100 348 3143 ῙΙ
374 3102 429 3133 32.
456 3097 651 3134 Recidjcia
675 3100 687 3143 ΙΙ
713 3101 768 3134 35.
796 3110 883 3145 ergo
910 3099 1051 3134 redicia
1073 3100 1079 3145 1
1102 3110 1210 3133 cusus
1236 3099 1248 3143 l}
1274 3100 1329 3132 37.
1356 3096 1530 3130 rediuiua
1554 3097 1566 3142 ΙΙ
1592 3099 1647 3132 38.
1674 3096 1897 3132 Recidiuare
1923 3098 1934 3145 3!

182 3161 237 3194 39.
265 3157 499 3193 Recidebant
525 3170 569 3194 ex
594 3158 821 3194 Recidibant
846 3170 935 3195 cor-r.
961 3160 967 3204 1
989 3159 1140 3194 suerunt
1164 3159 1176 3204 ΙΙ
