2221 3490
224 162 310 203 448

226 272 491 327 Contiguum
524 268 770 324 proximum
809 267 931 308 iuxta
963 281 1078 307 men-

284 347 377 385 tum

226 413 526 457 Continuatim
578 411 747 453 assidue
800 410 962 465 iugiter
1017 409 1079 450 in-

283 486 457 541 pensius

187 563 190 565 ’
224 556 523 600 Continuatim
555 554 823 596 incessanter

224 629 466 684 Contropat
500 626 695 669 conferet

188 715 202 738 ι’)
224 700 444 743 Conuexio
478 698 755 754 conportatio

223 771 458 814 Conuectio
494 770 769 826 conportatio

223 845 558 887 Contionatores
592 856 759 884 errores

223 915 495 958 Conuectant
526 916 707 969 portant

223 986 490 1029 Conuescere
523 985 687 1040 pariter
721 984 943 1026 comedere

170 1073 201 1098 10
223 1058 501 1114 Coagminati
547 1056 798 1112 conglouati
841 1055 1076 1109 constipati

281 1130 453 1172 collecti

221 1201 340 1256 Copo
373 1200 558 1255 propina

221 1271 419 1314 Cornuus
452 1271 620 1313 arboris
654 1285 790 1327 genus

221 1344 394 1386 Cornua
424 1358 555 1399 poma
588 1343 810 1384 siluestria

222 1414 458 1457 Coronides
479 1415 592 1456 idest
613 1414 865 1469 esculapeus
889 1429 913 1454 a
940 1415 1076 1454 matre

169 1504 200 1527 ις,
222 1486 537 1541 Corpusculum
571 1487 749 1528 breuem
782 1499 937 1539 corpus

221 1558 388 1614 Corpor
421 1558 616 1600 membra
648 1558 896 1599 tabularum

221 1630 434 1673 Cornutet
467 1644 599 1671 cornu
631 1629 801 1670 inuadit

221 1701 381 1743 Corum
416 1702 626 1744 simulans
659 1701 809 1742 lubros
848 1700 1014 1755 fingens

221 1773 556 1816 Coruscationes
589 1772 774 1828 fulgoris

167 1862 201 1886 κο
221 1844 471 1887 Cornicines
505 1843 580 1899 qui
612 1859 710 1886 cum
737 1858 870 1885 cornu
898 1844 1078 1884 cantant

221 1918 375 1960 Cratos
407 1918 574 1959 catinos

221 1988 423 2031 Crateras
457 1988 580 2029 fialas
615 1987 768 2029 calices
802 1984 958 2027 uinarii

220 2060 479 2102 Crebratum
510 2060 836 2115 frequentatum

220 2132 532 2187 Crepusculum
565 2130 863 2185 uespertinum
897 2131 1070 2182 tempus

280 2220 353 2246 seu
387 2204 500 2246 eirca
532 2218 657 2244 mane

166 2293 199 2317 25
221 2275 449 2331 Crepitans
482 2275 640 2317 leniter
672 2274 781 2315 flans

220 2348 477 2403 Crepidatus
509 2346 810 2402 progaligatus

220 2420 456 2474 Crepcrum
488 2418 749 2459 matutinum

220 2491 400 2533 Creerae
432 2490 532 2532 unci
565 2488 693 2530 ferrei
727 2486 911 2529 carnarii

221 2562 437 2604 Cristatus
472 2562 669 2618 galeatus
706 2559 952 2614 capsidatus

166 2651 199 2673 κο
221 2634 412 2676 Crinitus
446 2635 640 2675 comatus
674 2645 747 2673 seu
781 2631 955 2685 pulipus

221 2706 475 2747 Cristallum
513 2719 648 2760 genus
682 2703 773 2744 saxi
813 2700 1073 2743 insimulitu-

279 2778 375 2819 dine
408 2776 513 2818 bitri
546 2775 633 2817 alui

220 2849 346 2891 Crete
380 2846 598 2903 leucingin

221 2920 420 2962 Crocitur
454 2918 694 2960 renascitur

766 156 1022 192 EXCERPTA
1047 155 1111 190 EX
1139 154 1330 190 GLOSSIS
1358 154 1390 188 A
1410 154 1441 187 A

1116 263 1316 306 Crocitus
1351 264 1514 306 clamor
1547 262 1715 318 corsffui

1117 335 1271 378 Cruste
1303 336 1450 390 placas
1483 335 1596 376 idest
1628 349 1866 376 marmores

1118 405 1327 462 Crepidus
1361 422 1465 448 saxa
1498 409 1749 448 constructa

1119 477 1432 534 Crepusculum
1474 478 1647 519 initium
1692 476 1860 518 auroris
1903 477 1972 517 uel

1991 347 2026 372 35

1178 550 1442 606 principium
1472 550 1615 592 noctis

1118 621 1287 664 Oubaui
1319 621 1459 663 mansi

1118 692 1283 736 Culmis
1316 692 1554 750 gillonibus

1117 762 1271 806 Cultor
1305 765 1527 820 operarius

1117 834 1283 878 Cumba
1321 850 1457 891 genus
1491 838 1557 878 est
1594 835 1720 877 nauis
1759 835 1872 877 idest
1912 835 1973 890 pi-

1175 908 1308 950 latica

1116 980 1305 1023 Cumbre
1339 979 1619 1035 holerigenus

1116 1050 1379 1106 Cumcrepor
1413 1065 1543 1093 sonus

1117 1122 1455 1165 Cunctabundus
1490 1121 1663 1164 diffidus
1696 1123 1914 1165 hesitator

1117 1193 1226 1237 Cum
1251 1194 1631 1250 placitumsuentis
1659 1194 1888 1250 gallinisus
1913 1194 1973 1236 id·
1992 1208 2026 1233 45

1177 1270 1244 1308 est
1275 1266 1433 1322 quietis
1467 1266 1672 1308 uentibus

1116 1337 1203 1379 Cur
1235 1353 1368 1393 quare
1396 1337 1498 1393 quid
1530 1338 1594 1378 ita
1625 1352 1704 1392 pro
1732 1352 1817 1392 qua
1842 1352 1973 1379 causa

1116 1409 1318 1452 Curculio
1357 1409 1594 1464 peduculus
1632 1409 1840 1451 frumenti
1882 1407 1975 1465 (sed

1173 1482 1285 1537 pedu
1321 1495 1403 1535 pro
1446 1481 1550 1536 pudi
1594 1495 1695 1523 corr.
1734 1485 1772 1523 et
1811 1481 1882 1522 fru
1927 1482 1972 1522 in

1173 1568 1255 1596 ras.
1283 1567 1358 1595 scr.
1390 1551 1506 1609 ΜΝΞ)

1115 1622 1357 1666 Culiculare
1390 1624 1664 1667 tzintzalario

1115 1695 1233 1750 Cupe
1266 1695 1427 1751 uagina

1116 1766 1281 1809 Cumba
1303 1767 1492 1822 speciem
1521 1768 1646 1809 nauis
1673 1782 1762 1810 non
1792 1769 1969 1824 grandis
1991 1782 2025 1808 50

1116 1838 1298 1881 Culmen
1332 1839 1561 1881 summitas
1593 1840 1867 1895 horophoma

1991 778 2027 802 40

1114 1910 1425 1966 Ctygmaseum
1458 1912 1577 1953 locus
1605 1910 1680 1952 ubi
1707 1911 1872 1967 aliquid
1898 1912 1969 1954 do-

1174 1985 1294 2024 cetur

1114 2053 1329 2109 Cyminon
1362 2054 1584 2096 cuminum

1114 2124 1483 2181 Contamatusque
1524 2126 1726 2167 dismissa
1763 2126 1969 2168 continuo

1173 2197 1421 2254 (contantes
1450 2198 1564 2253 m.2)
1600 2198 1789 2239 adsentit

1114 2268 1329 2311 Contimie
1362 2269 1623 2323 contumelie

1113 2340 1377 2396 Contymata
1427 2341 1723 2384 contaminata
1773 2341 1965 2396 coinqui-

1988 2284 2023 2310 55

1171 2416 1275 2454 nata

1111 2483 1261 2539 Cymei
1294 2484 1594 2539 desybyllatus
1628 2485 1830 2540 sibyllicu

1111 2554 1241 2610 Cepis
1275 2556 1476 2610 copiosus
1509 2556 1630 2598 diues

1111 2625 1227 2682 Cope
1261 2628 1437 2682 copiosa

1111 2698 1321 2754 Cornipes
1355 2699 1512 2741 caballi
1545 2714 1642 2741 cum
1679 2699 1864 2755 pedibus
1898 2714 1963 2742 so-
1982 2714 2018 2740 60

1169 2774 1322 2812 nantes

1112 2841 1218 2884 Cors
1251 2842 1486 2884 multitudo
1520 2842 1783 2885 rusticorum

1112 2913 1324 2956 Coxendis
1358 2915 1557 2968 uertebre
1590 2915 1634 2956 in
1667 2930 1773 2957 coxa

341 3030 393 3060 15.
427 3025 539 3059 breue
572 3024 623 3058 ab
667 3026 678 3068 11
724 3027 778 3057 18.
812 3020 912 3055 lui-os
945 3020 995 3055 ab
1039 3022 1050 3065 Η
1094 3023 1148 3053 ⁶20.
1183 3018 1330 3053 cornuis
1357 3019 1407 3053 ab
1451 3021 1462 3062 ΙΙ
1505 3022 1561 3053 26.
1594 3030 1661 3064 pro
1694 3019 1879 3065 caligatus
1906 3020 1926 3055 b
1950 3023 1962 3067 Η

220 3090 274 3120 2⁸.
309 3087 486 3119 (Ji-omrca
518 3096 539 3117 (ι
583 3085 594 3127 Η
639 3087 692 3116 31.
728 3081 814 3115 uitri
848 3083 898 3116 ab
936 3084 947 3126 11
990 3084 1045 3115 42.
1079 3078 1216 3113 holeris
1249 3080 1268 3114 b
1306 3082 1317 3123 n
1360 3082 1414 3113 45.
1449 3078 1581 3124 gallini
1615 3078 1710 3114 susis
1743 3079 1782 3114 id
1814 3081 1872 3114 est
1902 3092 1925 3114 (ι
1950 3081 1962 3125 {l

221 3149 273 3176 50.
309 3144 449 3188 specics
481 3156 502 3177 (1
535 3145 546 3186 ΙΙ
