2216 3402
204 153 258 194 88

203 262 374 305 Nudius
407 262 563 304 tertius
595 275 727 315 quum
762 261 775 301 i
809 260 993 303 elicimus
1020 263 1064 302 et

264 336 378 377 estat
409 333 608 376 uerbium
636 333 847 388 temporis

204 405 358 448 Nudus
392 405 627 447 aestitutus

204 478 356 520 Nudus
402 476 520 519 illius
565 476 628 518 rei
667 479 711 519 et
755 476 831 518 illa
870 492 914 518 re
954 477 1062 518 bene

265 549 446 592 dicimus
468 548 541 590 sed
563 547 836 604 frequentius
865 548 1059 604 genitiuo

263 622 429 664 utimur

205 693 504 736 Nullationem
538 692 828 735 mutationem

167 783 182 807 5
204 764 387 807 Nullum
418 764 609 820 pronicit

204 837 385 879 Nu‘llum
429 839 705 879 reuerturum
761 851 849 879 non
905 837 1062 879 reditu—

263 925 361 952 rum

204 981 528 1024 Nummellatus
573 981 766 1022 numella
810 981 972 1038 ligatus
1019 982 1062 1023 id

265 1056 331 1095 est
355 1053 532 1096 uinculo
561 1053 674 1107 quod
702 1053 945 1108 quadrupes
972 1053 1062 1094 alli-

264 1128 424 1182 gantur

204 1196 398 1239 Numero
430 1212 564 1252 prope
598 1197 806 1239 uelociter

204 1267 421 1311 Numeros
455 1269 573 1311 omni
612 1269 763 1312 modos
796 1270 945 1324 pulsas
987 1273 1062 1312 tuo

264 1341 431 1396 plectro
488 1355 691 1383 numeros
749 1341 855 1384 dicit
912 1342 1063 1384 cordas

265 1413 436 1456 siuener
479 1428 559 1456 uos
605 1414 740 1456 citare
784 1429 885 1455 nam
930 1413 1065 1456 citha-

266 1500 359 1527 ram
398 1485 582 1527 diuersis
622 1486 816 1528 numeris
851 1501 875 1527 a
912 1486 1066 1528 ueteri-

268 1558 349 1599 bus
389 1572 480 1599 esse
521 1557 794 1613 conpositum
840 1557 962 1599 iuxta
1000 1572 1065 1598 ar-

269 1628 416 1671 monia
457 1628 607 1671 mundi
644 1629 756 1670 unde
800 1629 863 1670 hii
903 1629 977 1684 qui
1016 1644 1064 1671 ex

270 1703 480 1756 quattuor
500 1701 726 1743 elementis
749 1703 949 1743 constare
976 1701 1067 1743 uni-

270 1788 397 1815 uersa
422 1774 624 1815 dixerunt
650 1773 929 1815 tetraoordon
960 1772 1067 1815 fece-

270 1848 372 1887 runt
400 1845 574 1900 quidam
600 1845 896 1900 pentacordon
916 1845 1069 1887 adden-

271 1920 336 1959 tes
371 1919 579 1972 quattuor
612 1917 839 1959 elementis
876 1916 1069 1959 diuinam

271 1989 548 2045 prudentiam
580 1988 778 2030 nonnulli
805 1990 1070 2044 eptaeordon

271 2060 394 2103 iuxta
424 2075 653 2102 numerum
693 2064 859 2116 septem
892 2061 1070 2103 deorum

274 2147 459 2188 quorum
497 2131 588 2174 dies
629 2132 879 2175 nominibus
912 2149 1071 2175 nuncu-

273 2207 433 2260 pantur
466 2204 540 2245 alii
571 2205 686 2246 enim
713 2205 874 2247 cordon
901 2206 976 2260 qui
1002 2205 1070 2247 his

275 2279 442 2331 septem
462 2276 663 2318 iuxerunt
684 2277 824 2318 celum
845 2279 888 2318 et
908 2279 1071 2319 terram

274 2348 343 2389 uel
405 2352 585 2403 propter
643 2348 953 2390 nouendariam
1017 2349 1070 2390 ab

276 2418 448 2475 astigiis

163 2507 195 2531 ω
216 2490 477 2546 Nuncupare
510 2491 734 2533 nominare

338 2621 372 2666 1)
398 2624 483 2666 post
507 2620 532 2654 b
560 2624 578 2655 1
606 2621 675 2656 litt.
702 2633 792 2656 eras.
819 2622 830 2665 ΙΙ

724 150 957 186 PLACIDVS
983 150 1112 185 LIBRI
1140 149 1429 186 GLOSSARVM

1101 259 1228 303 Nunc
1261 261 1389 302 modo
1423 259 1490 320 (de
1517 257 1592 317 ql.)

1101 331 1228 374 Nunc
1279 343 1487 387 speneum
1532 347 1599 374 em
1645 333 1760 388 quod
1803 331 1956 375 rustici
2005 364 2010 369 .

1159 419 1273 447 nunc
1305 404 1560 460 lipidineum
1593 404 1743 447 dicunt

1100 547 1297 592 obdendi
1325 548 1550 592 claudendi
1579 548 1766 591 obdendi
1794 549 1958 605 pessuli

1159 622 1274 677 quod
1301 621 1443 664 claudi
1464 621 1718 677 diligentius
1747 621 1958 663 seruanda

1159 694 1479 736 consueberunt
1492 692 1655 735 inuitro
1676 693 1752 735 illo
1767 692 1957 748 spatium

1158 780 1246 808 non
1300 764 1435 807 fuisse
1494 765 1741 821 deampulla
1797 763 1958 807 olearia

1161 837 1325 880 dictum

1101 909 1244 952 Obdet
1277 909 1438 952 obiciet
1474 910 1673 966 suggerit

1102 982 1263 1024 Obesse
1295 996 1450 1024 nocere
1479 985 1545 1023 est
1572 982 1725 1024 obesse
1758 982 1873 1024 enim
1899 981 1959 1024 di-

1161 1053 1274 1095 eitur
1305 1053 1508 1095 inimicus
1543 1053 1616 1095 alii

1102 1125 1394 1168 Obfirmatum
1444 1125 1568 1167 firme
1617 1126 1837 1168 decretum
1888 1125 1960 1167 ob-

1162 1197 1374 1239 stinatum
1406 1211 1654 1254 repugnans
1688 1196 1960 1239 obstinatum

1163 1268 1229 1325 (de
1252 1266 1328 1326 ql.)

1103 1341 1362 1384 Oblectatur
1395 1341 1520 1397 quasi
1553 1357 1651 1384 cum
1682 1342 1796 1385 lacte
1830 1356 1962 1397 quum

1163 1413 1313 1456 fraude
1339 1416 1390 1457 ut
1422 1413 1635 1457 terentius
1661 1414 1747 1457 nisi
1780 1428 1848 1456 me
1880 1415 1964 1456 lae-

1164 1489 1302 1528 tasses
1359 1488 1579 1528 amantem
1633 1486 1745 1528 unde
1797 1489 1841 1528 et
1892 1486 1964 1528 ob-

1163 1557 1325 1600 lectare
1358 1557 1524 1599 dietum
1557 1560 1624 1599 est
1657 1555 1724 1615 (de
1751 1555 1827 1615 91.)

1106 1630 1372 1686 Oblegatum
1405 1628 1649 1671 iniunctum
1681 1630 1934 1673 mandatum

1107 1700 1285 1744 Obleuit
1318 1700 1507 1743 oblinuit

1108 1773 1448 1816 Oblimestulcos
1477 1774 1667 1817 obducat
1694 1774 1738 1816 id
1765 1777 1832 1817 est
1858 1774 1964 1816 limo

1166 1846 1334 1901 repleat
1367 1845 1434 1902 (de
1459 1843 1534 1901 φῖ.)

1108 1917 1304 1960 Oblinire
1337 1918 1475 1959 linare

1110 1989 1327 2045 Obpetere
1361 1990 1622 2032 obcumbere
1662 1991 1773 2033 mori
1806 1989 1965 2047 (γίνῃ.)

1109 2061 1367 2105 Obstinatus
1407 2064 1474 2103 est
1513 2061 1586 2116 qui
1629 2061 1791 2118 aliquid
1832 2063 1966 2118 preci-

1168 2124 1362 2189 pitanter
1395 2136 1439 2175 et
1471 2133 1563 2175 sine
1596 2134 1874 2176 reuco-atione
1906 2135 1966 2177 fa-

1170 2221 1263 2249 cere
1295 2205 1478 2249 festinat
1510 2204 1634 2262 (Cic.)

1111 2277 1418 2332 Obstipeculus
1468 2276 1678 2319 inclinato
1727 2278 1867 2334 capite
1917 2282 1967 2320 ut

1171 2350 1314 2391 solent
1347 2348 1652 2391 adseuerantes
1685 2347 1806 2406 (Cic.)

1111 2420 1456 2463 Obstrudulenta
1488 2420 1729 2475 adpetenda
1761 2419 1884 2478 (Cic.)

1112 2490 1409 2547 obtundens1)
1437 2492 1623 2534 obtusur
1641 2491 1748 2534 facit
1767 2492 1966 2548 preteriti

338 2733 368 2764 1.
396 2739 509 2772 quam
532 2730 536 2770 Ι
559 2728 617 2762 est
643 2727 864 2763 aduerbium
882 2730 895 2773 ΙΙ
913 2733 944 2763 2.
973 2729 1177 2765 destitutus
1204 2741 1248 2765 ex
1274 2728 1476 2764 aestitutus
1501 2739 1592 2763 corr.
1614 2730 1624 2773 ΙΙ
1645 2732 1676 2763 6.
1703 2739 1938 2764 reuersurum
1957 2731 1968 2775 ΙΙ

219 2793 249 2823 7.
272 2788 413 2834 ligatus
439 2800 483 2823 ea:
508 2787 650 2833 ligatur
675 2799 765 2823 corr.
790 2791 795 2832 Ι
818 2799 891 2832 quo
917 2800 961 2824 ecc
986 2789 1086 2833 quod.
1111 2801 1200 2824 corr.
1223 2790 1233 2832 ΙΙ
1254 2792 1284 2823 9.
1311 2787 1442 2833 pulsus
1468 2799 1513 2823 ex
1537 2787 1665 2833 pulsas
1695 2800 1784 2824 corr.
1809 2790 1813 2834 Ι
1836 2789 1968 2824 cordas

220 2852 311 2891 1111,
338 2847 495 2882 chordas
521 2859 566 2883 m.
583 2851 604 2882 5
628 2849 632 2891 Ι
655 2847 889 2893 conpositam
915 2860 958 2884 ex
984 2847 1221 2893 conpositum
1245 2859 1336 2883 corr.
1361 2850 1365 2892 Ι
1389 2847 1596 2882 armoniam
1619 2848 1624 2895 Ι
1646 2847 1685 2882 hi
1704 2859 1749 2883 ex
1773 2847 1828 2882 hii
1847 2860 1937 2884 corr.
1962 2848 1965 2895 Ι

219 2907 458 2952 prudentiam
490 2908 529 2952 (u
554 2918 599 2943 επ)
625 2908 660 2953 o)
707 2911 710 2951 Ι
758 2907 837 2942 dies
875 2920 920 2943 ea:
951 2907 1023 2942 diis
1058 2919 1149 2943 corr.
1197 2909 1202 2953 Ι
1249 2907 1316 2942 alii
1354 2907 1591 2942 ennaeordon
1638 2908 1641 2953 Ι
1688 2907 1940 2942 adiunxerunt
1961 2907 1965 2953 Ι

220 2967 464 3002 nouenarium
490 2979 534 3003 ex
558 2967 831 3002 nouendarium
857 2978 948 3004 corr.
985 2969 997 3013 ΙΙ
1036 2970 1090 3003 12.

1117 2966 1343 3002 libidineum
1379 2969 1390 3013 ΙΙ
1428 2970 1483 3002 13.
1512 2968 1787 3001 consueuerunt
1812 2979 1856 3003 ex
1882 2978 1966 3002 con-

222 3026 424 3061 sueberunt
449 3038 540 3062 corr.
572 3029 582 3072 ΙΙ
616 3031 668 3062 14.
698 3028 875 3072 suggeret
899 3039 943 3062 eae
970 3026 1138 3073 suggerit
1163 3038 1254 3062 corr.
1286 3028 1298 3072 ΙΙ
1328 3030 1381 3061 17.
1410 3037 1494 3060 oum
1520 3038 1563 3062 ea:
1588 3038 1703 3072 quum
1728 3038 1819 3062 corr.
1843 3027 1848 3072 Ι
1869 3025 1965 3072 plac.

221 3087 298 3122 cod.
336 3087 348 3131 ΙΙ
385 3089 440 3120 20.
470 3085 634 3121 Oblimes
663 3086 783 3121 sulcos
810 3098 854 3121 ex
881 3086 1046 3121 Oblimes
1074 3085 1194 3120 tulcos
1221 3098 1312 3121 corr.
1351 3088 1362 3131 ΙΙ
1400 3089 1455 3120 21.
1488 3085 1597 3121 linire
1623 3097 1666 3121 ea·
1692 3085 1810 3120 linare
1836 3097 1926 3122 corr.
1956 3088 1968 3132 ΙΙ

223 3149 279 3181 25.
308 3144 612 3180 Obstrudulenda
638 3157 682 3181 ex
709 3145 1004 3180 Obstrudulenta
1031 3157 1120 3181 corr.
1148 3146 1159 3190 ΙΙ
1178 3148 1234 3180 26.
1263 3145 1418 3180 obtusus
1438 3147 1449 3190 ΙΙ

1980 992 2013 1016 15

1985 1781 2019 1806 20

1987 2426 2021 2451 25
