<?xml version="1.0" encoding="UTF-8"?>
<!DOCTYPE html PUBLIC "-//W3C//DTD XHTML 1.0 Transitional//EN"
    "http://www.w3.org/TR/xhtml1/DTD/xhtml1-transitional.dtd">
<html xmlns="http://www.w3.org/1999/xhtml" xml:lang="en" lang="en">
 <head>
  <title>
</title>
<meta http-equiv="Content-Type" content="text/html;charset=utf-8" />
  <meta name='ocr-system' content='tesseract 3.04.00' />
  <meta name='ocr-capabilities' content='ocr_page ocr_carea ocr_par ocr_line ocrx_word'/>
</head>
<body>
  <div class='ocr_page' id='page_1' title='image "./corpusglossarior05linduoft_0069.png"; bbox 0 0 2216 3402; ppageno 0'>
   <div class='ocr_carea' id='block_1_1' title="bbox 604 100 1455 136">
    <p class='ocr_par' dir='ltr' id='par_1_1' title="bbox 604 100 1455 136">
     <span class='ocr_line' id='line_1_1' title="bbox 604 100 1455 136; baseline 0 -1"><span class='ocrx_word' id='word_1_1' title='bbox 604 100 838 136; x_wconf 83' lang='lat' dir='ltr'>PLACIDVS</span> <span class='ocrx_word' id='word_1_2' title='bbox 863 100 1115 136; x_wconf 71' lang='lat' dir='ltr'>LIBRORVM</span> <span class='ocrx_word' id='word_1_3' title='bbox 1141 100 1455 136; x_wconf 83' lang='lat' dir='ltr'><strong>ROMANORVM</strong></span> 
     </span>
    </p>
   </div>
   <div class='ocr_carea' id='block_1_2' title="bbox 166 210 1025 2337">
    <p class='ocr_par' dir='ltr' id='par_1_2' title="bbox 218 210 1016 908">
     <span class='ocr_line' id='line_1_2' title="bbox 218 210 1010 266; baseline -0.001 -14"><span class='ocrx_word' id='word_1_4' title='bbox 218 211 288 253; x_wconf 89' lang='lat' dir='ltr'>uel</span> <span class='ocrx_word' id='word_1_5' title='bbox 315 211 464 266; x_wconf 83' lang='lat' dir='ltr'>aprilis</span> <span class='ocrx_word' id='word_1_6' title='bbox 498 211 592 253; x_wconf 90' lang='lat' dir='ltr'>ideo</span> <span class='ocrx_word' id='word_1_7' title='bbox 621 210 722 265; x_wconf 88' lang='lat' dir='ltr'>quia</span> <span class='ocrx_word' id='word_1_8' title='bbox 749 210 832 252; x_wconf 90' lang='lat' dir='ltr'>hoc</span> <span class='ocrx_word' id='word_1_9' title='bbox 865 224 1010 252; x_wconf 89' lang='lat' dir='ltr'>mense</span> 
     </span>
     <span class='ocr_line' id='line_1_3' title="bbox 221 281 1012 338; baseline -0.003 -14"><span class='ocrx_word' id='word_1_10' title='bbox 221 285 359 324; x_wconf 87' lang='lat' dir='ltr'>terrae</span> <span class='ocrx_word' id='word_1_11' title='bbox 406 283 545 324; x_wconf 88' lang='lat' dir='ltr'>omnis</span> <span class='ocrx_word' id='word_1_12' title='bbox 591 282 784 338; x_wconf 84' lang='lat' dir='ltr'>aperitur</span> <span class='ocrx_word' id='word_1_13' title='bbox 833 281 1012 323; x_wconf 87' lang='lat' dir='ltr'>fructus.</span> 
     </span>
     <span class='ocr_line' id='line_1_4' title="bbox 222 352 1013 395; baseline -0.003 0"><span class='ocrx_word' id='word_1_14' title='bbox 222 353 360 395; x_wconf 87' lang='lat' dir='ltr'>maius</span> <span class='ocrx_word' id='word_1_15' title='bbox 406 369 430 394; x_wconf 88' lang='lat' dir='ltr'>a</span> <span class='ocrx_word' id='word_1_16' title='bbox 470 354 583 395; x_wconf 88' lang='lat' dir='ltr'>maia</span> <span class='ocrx_word' id='word_1_17' title='bbox 628 355 764 395; x_wconf 87' lang='lat' dir='ltr'>matre</span> <span class='ocrx_word' id='word_1_18' title='bbox 811 352 1013 394; x_wconf 89' lang='lat' dir='ltr'>mercurii</span> 
     </span>
     <span class='ocr_line' id='line_1_5' title="bbox 220 423 1014 479; baseline -0.004 -13"><span class='ocrx_word' id='word_1_19' title='bbox 220 425 291 467; x_wconf 88' lang='lat' dir='ltr'>uel</span> <span class='ocrx_word' id='word_1_20' title='bbox 323 440 347 466; x_wconf 86' lang='lat' dir='ltr'>a</span> <span class='ocrx_word' id='word_1_21' title='bbox 379 425 615 467; x_wconf 87' lang='lat' dir='ltr'>maioribus</span> <span class='ocrx_word' id='word_1_22' title='bbox 643 425 715 479; x_wconf 90' lang='lat' dir='ltr'>qui</span> <span class='ocrx_word' id='word_1_23' title='bbox 746 426 869 465; x_wconf 88' lang='lat' dir='ltr'>erant</span> <span class='ocrx_word' id='word_1_24' title='bbox 901 423 1014 478; x_wconf 89' lang='lat' dir='ltr'>prin-</span> 
     </span>
     <span class='ocr_line' id='line_1_6' title="bbox 221 496 1016 551; baseline -0.005 -13"><span class='ocrx_word' id='word_1_25' title='bbox 221 496 336 551; x_wconf 85' lang='lat' dir='ltr'>cipes</span> <span class='ocrx_word' id='word_1_26' title='bbox 378 497 439 538; x_wconf 87' lang='lat' dir='ltr'>rei</span> <span class='ocrx_word' id='word_1_27' title='bbox 472 496 682 551; x_wconf 89' lang='lat' dir='ltr'>publicae.</span> <span class='ocrx_word' id='word_1_28' title='bbox 737 509 838 536; x_wconf 88' lang='lat' dir='ltr'>nam</span> <span class='ocrx_word' id='word_1_29' title='bbox 882 509 1016 535; x_wconf 85' lang='lat' dir='ltr'>unum</span> 
     </span>
     <span class='ocr_line' id='line_1_7' title="bbox 223 566 1015 621; baseline -0.004 -11"><span class='ocrx_word' id='word_1_30' title='bbox 223 583 413 610; x_wconf 90' lang='lat' dir='ltr'>mensem</span> <span class='ocrx_word' id='word_1_31' title='bbox 470 566 706 608; x_wconf 88' lang='lat' dir='ltr'>maioribus</span> <span class='ocrx_word' id='word_1_32' title='bbox 764 569 1015 621; x_wconf 70' lang='lat' dir='ltr'>sequentem</span> 
     </span>
     <span class='ocr_line' id='line_1_8' title="bbox 222 638 1015 693; baseline -0.004 -13"><span class='ocrx_word' id='word_1_33' title='bbox 222 639 389 693; x_wconf 86' lang='lat' dir='ltr'>antiqui</span> <span class='ocrx_word' id='word_1_34' title='bbox 429 638 669 680; x_wconf 89' lang='lat' dir='ltr'>iunioribus</span> <span class='ocrx_word' id='word_1_35' title='bbox 709 639 1015 680; x_wconf 87' lang='lat' dir='ltr'>consecrarunt</span> 
     </span>
     <span class='ocr_line' id='line_1_9' title="bbox 222 707 1016 751; baseline -0.001 0"><span class='ocrx_word' id='word_1_36' title='bbox 222 710 332 751; x_wconf 88' lang='lat' dir='ltr'>unde</span> <span class='ocrx_word' id='word_1_37' title='bbox 371 711 414 750; x_wconf 91' lang='lat' dir='ltr'>et</span> <span class='ocrx_word' id='word_1_38' title='bbox 459 709 602 751; x_wconf 90' lang='lat' dir='ltr'>iunius</span> <span class='ocrx_word' id='word_1_39' title='bbox 645 709 811 751; x_wconf 86' lang='lat' dir='ltr'>dicitur.</span> <span class='ocrx_word' id='word_1_40' title='bbox 870 707 1016 750; x_wconf 89' lang='lat' dir='ltr'>iullius</span> 
     </span>
     <span class='ocr_line' id='line_1_10' title="bbox 221 779 1016 836; baseline -0.003 -13"><span class='ocrx_word' id='word_1_41' title='bbox 221 781 267 823; x_wconf 92' lang='lat' dir='ltr'>in</span> <span class='ocrx_word' id='word_1_42' title='bbox 303 781 512 822; x_wconf 85' lang='lat' dir='ltr'>honorem</span> <span class='ocrx_word' id='word_1_43' title='bbox 558 779 647 836; x_wconf 82' lang='lat' dir='ltr'>gaii</span> <span class='ocrx_word' id='word_1_44' title='bbox 691 780 785 821; x_wconf 87' lang='lat' dir='ltr'>iulii</span> <span class='ocrx_word' id='word_1_45' title='bbox 831 780 1016 822; x_wconf 86' lang='lat' dir='ltr'>caesaris</span> 
     </span>
     <span class='ocr_line' id='line_1_11' title="bbox 221 852 1015 908; baseline -0.003 -14"><span class='ocrx_word' id='word_1_46' title='bbox 221 852 499 908; x_wconf 83' lang='lat' dir='ltr'>imperatoris</span> <span class='ocrx_word' id='word_1_47' title='bbox 558 852 738 894; x_wconf 66' lang='lat' dir='ltr'>romani,²</span> <span class='ocrx_word' id='word_1_48' title='bbox 806 854 1015 907; x_wconf 79' lang='lat' dir='ltr'>augustus</span> 
     </span>
    </p>

    <p class='ocr_par' dir='ltr' id='par_1_3' title="bbox 222 923 1015 978">
     <span class='ocr_line' id='line_1_12' title="bbox 222 923 1015 978; baseline -0.001 -13"><span class='ocrx_word' id='word_1_49' title='bbox 222 924 268 965; x_wconf 89' lang='grc'>111</span> <span class='ocrx_word' id='word_1_50' title='bbox 299 924 507 966; x_wconf 88' lang='lat' dir='ltr'>honorem</span> <span class='ocrx_word' id='word_1_51' title='bbox 546 923 719 978; x_wconf 80' lang='lat' dir='ltr'>augusti</span> <span class='ocrx_word' id='word_1_52' title='bbox 753 923 1015 965; x_wconf 84' lang='lat' dir='ltr'>similimodo</span> 
     </span>
    </p>

    <p class='ocr_par' dir='ltr' id='par_1_4' title="bbox 224 994 1016 1050">
     <span class='ocr_line' id='line_1_13' title="bbox 224 994 1016 1050; baseline -0.004 -13"><span class='ocrx_word' id='word_1_53' title='bbox 224 995 497 1050; x_wconf 86' lang='lat' dir='ltr'>imperatoris</span> <span class='ocrx_word' id='word_1_54' title='bbox 539 994 707 1036; x_wconf 82' lang='lat' dir='ltr'>romani</span> <span class='ocrx_word' id='word_1_55' title='bbox 741 994 813 1049; x_wconf 86' lang='lat' dir='ltr'>qui</span> <span class='ocrx_word' id='word_1_56' title='bbox 853 994 1016 1036; x_wconf 80' lang='lat' dir='ltr'>caesari</span> 
     </span>
    </p>

    <p class='ocr_par' dir='ltr' id='par_1_5' title="bbox 225 1066 1016 1121">
     <span class='ocr_line' id='line_1_14' title="bbox 225 1066 1016 1121; baseline -0.003 -13"><span class='ocrx_word' id='word_1_57' title='bbox 225 1067 443 1110; x_wconf 86' lang='lat' dir='ltr'>successit.</span> <span class='ocrx_word' id='word_1_58' title='bbox 495 1066 741 1121; x_wconf 88' lang='lat' dir='ltr'>september</span> <span class='ocrx_word' id='word_1_59' title='bbox 782 1081 806 1106; x_wconf 89' lang='lat' dir='ltr'>a</span> <span class='ocrx_word' id='word_1_60' title='bbox 837 1079 1016 1106; x_wconf 89' lang='lat' dir='ltr'>numero</span> 
     </span>
    </p>

    <p class='ocr_par' dir='ltr' id='par_1_6' title="bbox 223 1136 1018 1466">
     <span class='ocr_line' id='line_1_15' title="bbox 227 1136 1017 1194; baseline -0.003 -15"><span class='ocrx_word' id='word_1_61' title='bbox 227 1139 328 1194; x_wconf 86' lang='lat' dir='ltr'>quia</span> <span class='ocrx_word' id='word_1_62' title='bbox 375 1137 586 1193; x_wconf 86' lang='lat' dir='ltr'>septimus</span> <span class='ocrx_word' id='word_1_63' title='bbox 639 1139 715 1178; x_wconf 91' lang='lat' dir='ltr'>est.</span> <span class='ocrx_word' id='word_1_64' title='bbox 773 1137 834 1178; x_wconf 84' lang='lat' dir='ltr'>sic</span> <span class='ocrx_word' id='word_1_65' title='bbox 886 1136 1017 1177; x_wconf 87' lang='lat' dir='ltr'>etiam</span> 
     </span>
     <span class='ocr_line' id='line_1_16' title="bbox 226 1207 1018 1265; baseline -0.005 -13"><span class='ocrx_word' id='word_1_66' title='bbox 226 1210 404 1252; x_wconf 84' lang='lat' dir='ltr'>october</span> <span class='ocrx_word' id='word_1_67' title='bbox 434 1208 534 1265; x_wconf 84' lang='lat' dir='ltr'>quia</span> <span class='ocrx_word' id='word_1_68' title='bbox 568 1211 746 1250; x_wconf 78' lang='lat' dir='ltr'>octauus</span> <span class='ocrx_word' id='word_1_69' title='bbox 780 1210 858 1250; x_wconf 87' lang='lat' dir='ltr'>est.</span> <span class='ocrx_word' id='word_1_70' title='bbox 904 1207 1018 1249; x_wconf 89' lang='lat' dir='ltr'>simi-</span> 
     </span>
     <span class='ocr_line' id='line_1_17' title="bbox 223 1280 1018 1335; baseline -0.004 -12"><span class='ocrx_word' id='word_1_71' title='bbox 223 1281 325 1323; x_wconf 89' lang='lat' dir='ltr'>liter</span> <span class='ocrx_word' id='word_1_72' title='bbox 368 1283 411 1322; x_wconf 92' lang='lat' dir='ltr'>et</span> <span class='ocrx_word' id='word_1_73' title='bbox 448 1280 685 1322; x_wconf 87' lang='lat' dir='ltr'>nouember</span> <span class='ocrx_word' id='word_1_74' title='bbox 731 1280 831 1335; x_wconf 87' lang='lat' dir='ltr'>quia</span> <span class='ocrx_word' id='word_1_75' title='bbox 879 1294 1018 1321; x_wconf 90' lang='lat' dir='ltr'>nonus</span> 
     </span>
     <span class='ocr_line' id='line_1_18' title="bbox 226 1351 1018 1407; baseline -0.001 -13"><span class='ocrx_word' id='word_1_76' title='bbox 226 1355 293 1395; x_wconf 91' lang='lat' dir='ltr'>est</span> <span class='ocrx_word' id='word_1_77' title='bbox 314 1355 357 1394; x_wconf 92' lang='lat' dir='ltr'>et</span> <span class='ocrx_word' id='word_1_78' title='bbox 376 1352 439 1393; x_wconf 90' lang='lat' dir='ltr'>ita</span> <span class='ocrx_word' id='word_1_79' title='bbox 460 1352 686 1394; x_wconf 82' lang='lat' dir='ltr'>december</span> <span class='ocrx_word' id='word_1_80' title='bbox 707 1352 808 1407; x_wconf 86' lang='lat' dir='ltr'>quia</span> <span class='ocrx_word' id='word_1_81' title='bbox 829 1351 1018 1393; x_wconf 87' lang='lat' dir='ltr'>decimus</span> 
     </span>
     <span class='ocr_line' id='line_1_19' title="bbox 223 1424 497 1466; baseline -0.004 0"><span class='ocrx_word' id='word_1_82' title='bbox 223 1427 292 1466; x_wconf 84' lang='lat' dir='ltr'>est</span> <span class='ocrx_word' id='word_1_83' title='bbox 325 1424 497 1466; x_wconf 87' lang='lat' dir='ltr'>mensis.</span> 
     </span>
    </p>

    <p class='ocr_par' dir='ltr' id='par_1_7' title="bbox 166 1494 1022 1695">
     <span class='ocr_line' id='line_1_20' title="bbox 166 1494 1022 1551; baseline -0.002 -13"><span class='ocrx_word' id='word_1_84' title='bbox 166 1497 240 1539; x_wconf 91' lang='lat' dir='ltr'>Ius</span> <span class='ocrx_word' id='word_1_85' title='bbox 271 1496 540 1551; x_wconf 86' lang='lat' dir='ltr'>praetorium</span> <span class='ocrx_word' id='word_1_86' title='bbox 571 1494 890 1549; x_wconf 86' lang='lat' dir='ltr'>iurispraetorii</span> <span class='ocrx_word' id='word_1_87' title='bbox 923 1495 1022 1536; x_wconf 88' lang='lat' dir='ltr'>iuri-</span> 
     </span>
     <span class='ocr_line' id='line_1_21' title="bbox 225 1567 1021 1623; baseline -0.003 -14"><span class='ocrx_word' id='word_1_88' title='bbox 225 1567 446 1623; x_wconf 88' lang='lat' dir='ltr'>praetorio</span> <span class='ocrx_word' id='word_1_89' title='bbox 488 1567 827 1622; x_wconf 87' lang='lat' dir='ltr'>iuspraetorium</span> <span class='ocrx_word' id='word_1_90' title='bbox 872 1582 895 1608; x_wconf 95' lang='lat' dir='ltr'>o</span> <span class='ocrx_word' id='word_1_91' title='bbox 938 1567 1021 1608; x_wconf 90' lang='lat' dir='ltr'>ius-</span> 
     </span>
     <span class='ocr_line' id='line_1_22' title="bbox 225 1638 1021 1695; baseline -0.001 -13"><span class='ocrx_word' id='word_1_92' title='bbox 225 1639 493 1695; x_wconf 85' lang='lat' dir='ltr'>praetorium</span> <span class='ocrx_word' id='word_1_93' title='bbox 515 1639 567 1680; x_wconf 85' lang='lat' dir='ltr'>ab</span> <span class='ocrx_word' id='word_1_94' title='bbox 591 1638 674 1680; x_wconf 88' lang='lat' dir='ltr'>hoc</span> <span class='ocrx_word' id='word_1_95' title='bbox 694 1638 1021 1693; x_wconf 84' lang='lat' dir='ltr'>iurepraetorio.</span> 
     </span>
    </p>

    <p class='ocr_par' dir='ltr' id='par_1_8' title="bbox 166 1710 1025 2253">
     <span class='ocr_line' id='line_1_23' title="bbox 166 1710 1022 1764; baseline -0.002 -12"><span class='ocrx_word' id='word_1_96' title='bbox 166 1711 394 1753; x_wconf 73' lang='lat' dir='ltr'>Intendere</span> <span class='ocrx_word' id='word_1_97' title='bbox 452 1713 598 1752; x_wconf 88' lang='lat' dir='ltr'>autem</span> <span class='ocrx_word' id='word_1_98' title='bbox 654 1710 792 1752; x_wconf 86' lang='lat' dir='ltr'>multa</span> <span class='ocrx_word' id='word_1_99' title='bbox 849 1710 1022 1764; x_wconf 85' lang='lat' dir='ltr'>quidem</span> 
     </span>
     <span class='ocr_line' id='line_1_24' title="bbox 229 1781 1021 1838; baseline -0.001 -15"><span class='ocrx_word' id='word_1_100' title='bbox 229 1782 446 1838; x_wconf 85' lang='lat' dir='ltr'>significat</span> <span class='ocrx_word' id='word_1_101' title='bbox 518 1782 741 1823; x_wconf 75' lang='lat' dir='ltr'>intendere</span> <span class='ocrx_word' id='word_1_102' title='bbox 811 1781 1021 1823; x_wconf 86' lang='lat' dir='ltr'>obducere</span> 
     </span>
     <span class='ocr_line' id='line_1_25' title="bbox 229 1851 1022 1909; baseline -0.005 -13"><span class='ocrx_word' id='word_1_103' title='bbox 229 1868 433 1896; x_wconf 86' lang='lat' dir='ltr'>coronare</span> <span class='ocrx_word' id='word_1_104' title='bbox 463 1853 532 1895; x_wconf 92' lang='lat' dir='ltr'>uel</span> <span class='ocrx_word' id='word_1_105' title='bbox 566 1853 702 1909; x_wconf 83' lang='lat' dir='ltr'>ligare</span> <span class='ocrx_word' id='word_1_106' title='bbox 728 1855 777 1894; x_wconf 89' lang='lat' dir='ltr'>ut</span> <span class='ocrx_word' id='word_1_107' title='bbox 803 1851 1022 1907; x_wconf 79' lang='lat' dir='ltr'>uirgilius:</span> 
     </span>
     <span class='ocr_line' id='line_1_26' title="bbox 226 1922 1023 1979; baseline -0.003 -13"><span class='ocrx_word' id='word_1_108' title='bbox 226 1925 500 1979; x_wconf 86' lang='lat' dir='ltr'>intenditque</span> <span class='ocrx_word' id='word_1_109' title='bbox 541 1924 684 1966; x_wconf 89' lang='lat' dir='ltr'>locum</span> <span class='ocrx_word' id='word_1_110' title='bbox 724 1923 860 1966; x_wconf 83' lang='lat' dir='ltr'>sertis.</span> <span class='ocrx_word' id='word_1_111' title='bbox 917 1922 1023 1964; x_wconf 90' lang='lat' dir='ltr'>item</span> 
     </span>
     <span class='ocr_line' id='line_1_27' title="bbox 228 1995 1024 2038; baseline -0.004 0"><span class='ocrx_word' id='word_1_112' title='bbox 228 1996 449 2038; x_wconf 83' lang='lat' dir='ltr'>intendere</span> <span class='ocrx_word' id='word_1_113' title='bbox 470 1995 639 2038; x_wconf 87' lang='lat' dir='ltr'>minari.</span> <span class='ocrx_word' id='word_1_114' title='bbox 667 1995 904 2037; x_wconf 87' lang='lat' dir='ltr'>sallustius.</span> <span class='ocrx_word' id='word_1_115' title='bbox 939 2009 1024 2036; x_wconf 90' lang='lat' dir='ltr'>ma-</span> 
     </span>
     <span class='ocr_line' id='line_1_28' title="bbox 227 2066 1024 2109; baseline -0.003 0"><span class='ocrx_word' id='word_1_116' title='bbox 227 2083 332 2109; x_wconf 87' lang='lat' dir='ltr'>num</span> <span class='ocrx_word' id='word_1_117' title='bbox 358 2068 403 2109; x_wconf 92' lang='lat' dir='ltr'>in</span> <span class='ocrx_word' id='word_1_118' title='bbox 430 2082 477 2109; x_wconf 88' lang='lat' dir='ltr'>os</span> <span class='ocrx_word' id='word_1_119' title='bbox 499 2067 690 2108; x_wconf 80' lang='lat' dir='ltr'>tendens,</span> <span class='ocrx_word' id='word_1_120' title='bbox 730 2066 920 2108; x_wconf 86' lang='lat' dir='ltr'>intendit</span> <span class='ocrx_word' id='word_1_121' title='bbox 947 2066 1024 2108; x_wconf 88' lang='grc'><strong>011-</strong></span> 
     </span>
     <span class='ocr_line' id='line_1_29' title="bbox 229 2137 1025 2181; baseline -0.003 0"><span class='ocrx_word' id='word_1_122' title='bbox 229 2140 422 2181; x_wconf 85' lang='lat' dir='ltr'>minatur</span> <span class='ocrx_word' id='word_1_123' title='bbox 450 2141 524 2180; x_wconf 90' lang='lat' dir='ltr'>aut</span> <span class='ocrx_word' id='word_1_124' title='bbox 545 2139 693 2180; x_wconf 81' lang='lat' dir='ltr'>cedere</span> <span class='ocrx_word' id='word_1_125' title='bbox 721 2142 795 2180; x_wconf 87' lang='lat' dir='ltr'>aut</span> <span class='ocrx_word' id='word_1_126' title='bbox 821 2137 1025 2179; x_wconf 87' lang='lat' dir='ltr'>iniuriam</span> 
     </span>
     <span class='ocr_line' id='line_1_30' title="bbox 230 2210 915 2253; baseline -0.003 -1"><span class='ocrx_word' id='word_1_127' title='bbox 230 2210 405 2253; x_wconf 83' lang='lat' dir='ltr'>difficile</span> <span class='ocrx_word' id='word_1_128' title='bbox 437 2213 583 2252; x_wconf 90' lang='lat' dir='ltr'>tamen</span> <span class='ocrx_word' id='word_1_129' title='bbox 613 2210 659 2252; x_wconf 91' lang='lat' dir='ltr'>in</span> <span class='ocrx_word' id='word_1_130' title='bbox 690 2211 805 2253; x_wconf 91' lang='lat' dir='ltr'>bono</span> <span class='ocrx_word' id='word_1_131' title='bbox 839 2212 915 2251; x_wconf 89' lang='lat' dir='ltr'>est.</span> 
     </span>
    </p>

    <p class='ocr_par' dir='ltr' id='par_1_9' title="bbox 170 2282 738 2337">
     <span class='ocr_line' id='line_1_31' title="bbox 170 2282 738 2337; baseline 0 -14"><span class='ocrx_word' id='word_1_132' title='bbox 170 2283 298 2324; x_wconf 88' lang='lat' dir='ltr'>quat</span> <span class='ocrx_word' id='word_1_133' title='bbox 329 2282 514 2324; x_wconf 86' lang='lat' dir='ltr'>delectat</span> <span class='ocrx_word' id='word_1_134' title='bbox 548 2282 738 2337; x_wconf 87' lang='lat' dir='ltr'>prodest.</span> 
     </span>
    </p>
   </div>
   <div class='ocr_carea' id='block_1_3' title="bbox 169 2354 645 2396">
    <p class='ocr_par' dir='ltr' id='par_1_10' title="bbox 169 2354 645 2396">
     <span class='ocr_line' id='line_1_32' title="bbox 169 2354 645 2396; baseline -0.002 0"><span class='ocrx_word' id='word_1_135' title='bbox 169 2354 402 2396; x_wconf 88' lang='lat' dir='ltr'>Incensant</span> <span class='ocrx_word' id='word_1_136' title='bbox 433 2356 645 2395; x_wconf 86' lang='lat' dir='ltr'>recusant.</span> 
     </span>
    </p>
   </div>
   <div class='ocr_carea' id='block_1_4' title="bbox 92 2424 1025 2480">
    <p class='ocr_par' dir='ltr' id='par_1_11' title="bbox 92 2424 1025 2480">
     <span class='ocr_line' id='line_1_33' title="bbox 92 2424 1025 2480; baseline -0.002 -13"><span class='ocrx_word' id='word_1_137' title='bbox 92 2458 94 2461; x_wconf 28' lang='lat' dir='ltr'>v</span> <span class='ocrx_word' id='word_1_138' title='bbox 135 2425 391 2480; x_wconf 85' lang='lat' dir='ltr'>5Impunita</span> <span class='ocrx_word' id='word_1_139' title='bbox 441 2439 548 2480; x_wconf 90' lang='lat' dir='ltr'>quae</span> <span class='ocrx_word' id='word_1_140' title='bbox 593 2440 748 2479; x_wconf 89' lang='lat' dir='ltr'>penam</span> <span class='ocrx_word' id='word_1_141' title='bbox 793 2424 932 2466; x_wconf 85' lang='lat' dir='ltr'>euasit</span> <span class='ocrx_word' id='word_1_142' title='bbox 983 2424 1025 2465; x_wconf 89' lang='lat' dir='ltr'>id</span> 
     </span>
    </p>
   </div>
   <div class='ocr_carea' id='block_1_5' title="bbox 171 2496 1026 2765">
    <p class='ocr_par' dir='ltr' id='par_1_12' title="bbox 171 2496 1026 2682">
     <span class='ocr_line' id='line_1_34' title="bbox 232 2496 854 2552; baseline -0.002 -14"><span class='ocrx_word' id='word_1_143' title='bbox 232 2499 300 2538; x_wconf 90' lang='lat' dir='ltr'>est</span> <span class='ocrx_word' id='word_1_144' title='bbox 332 2510 439 2551; x_wconf 90' lang='lat' dir='ltr'>quae</span> <span class='ocrx_word' id='word_1_145' title='bbox 472 2496 625 2552; x_wconf 85' lang='lat' dir='ltr'>punita</span> <span class='ocrx_word' id='word_1_146' title='bbox 655 2511 744 2538; x_wconf 91' lang='lat' dir='ltr'>non</span> <span class='ocrx_word' id='word_1_147' title='bbox 775 2499 854 2538; x_wconf 88' lang='lat' dir='ltr'>est.</span> 
     </span>
     <span class='ocr_line' id='line_1_35' title="bbox 171 2567 800 2624; baseline -0.002 -14"><span class='ocrx_word' id='word_1_148' title='bbox 171 2567 344 2610; x_wconf 88' lang='lat' dir='ltr'>Indoles</span> <span class='ocrx_word' id='word_1_149' title='bbox 376 2568 585 2610; x_wconf 84' lang='lat' dir='ltr'>nobilitas</span> <span class='ocrx_word' id='word_1_150' title='bbox 618 2567 800 2624; x_wconf 84' lang='lat' dir='ltr'>generis.</span> 
     </span>
     <span class='ocr_line' id='line_1_36' title="bbox 173 2639 1026 2682; baseline 0 -1"><span class='ocrx_word' id='word_1_151' title='bbox 173 2639 399 2682; x_wconf 86' lang='lat' dir='ltr'>Incubitus</span> <span class='ocrx_word' id='word_1_152' title='bbox 438 2640 596 2682; x_wconf 90' lang='lat' dir='ltr'>dicitur</span> <span class='ocrx_word' id='word_1_153' title='bbox 641 2640 694 2681; x_wconf 89' lang='lat' dir='ltr'>ab</span> <span class='ocrx_word' id='word_1_154' title='bbox 739 2639 1026 2681; x_wconf 89' lang='lat' dir='ltr'>incumbendo</span> 
     </span>
    </p>

    <p class='ocr_par' dir='ltr' id='par_1_13' title="bbox 235 2710 1025 2765">
     <span class='ocr_line' id='line_1_37' title="bbox 235 2710 1025 2765; baseline -0.001 -13"><span class='ocrx_word' id='word_1_155' title='bbox 235 2711 326 2753; x_wconf 87' lang='lat' dir='ltr'>siue</span> <span class='ocrx_word' id='word_1_156' title='bbox 345 2711 523 2753; x_wconf 88' lang='lat' dir='ltr'>iacendo</span> <span class='ocrx_word' id='word_1_157' title='bbox 545 2711 636 2753; x_wconf 90' lang='lat' dir='ltr'>siue</span> <span class='ocrx_word' id='word_1_158' title='bbox 664 2711 803 2753; x_wconf 90' lang='lat' dir='ltr'>alieno</span> <span class='ocrx_word' id='word_1_159' title='bbox 826 2710 1025 2765; x_wconf 87' lang='lat' dir='ltr'>aptando.</span> 
     </span>
    </p>
   </div>
   <div class='ocr_carea' id='block_1_6' title="bbox 257 2798 459 2800">
    <p class='ocr_par' dir='ltr' id='par_1_14' title="bbox 257 2798 459 2800">
     <span class='ocr_line' id='line_1_38' title="bbox 257 2798 459 2800; baseline 0 0"><span class='ocrx_word' id='word_1_160' title='bbox 257 2798 459 2800; x_wconf 95' lang='lat' dir='ltr'> </span> 
     </span>
    </p>
   </div>
   <div class='ocr_carea' id='block_1_7' title="bbox 1848 103 1902 144">
    <p class='ocr_par' dir='ltr' id='par_1_15' title="bbox 1848 103 1902 144">
     <span class='ocr_line' id='line_1_39' title="bbox 1848 103 1902 144; baseline -0.019 0"><span class='ocrx_word' id='word_1_161' title='bbox 1848 103 1902 144; x_wconf 79' lang='lat'>27</span> 
     </span>
    </p>
   </div>
   <div class='ocr_carea' id='block_1_8' title="bbox 1050 210 1920 2765">
    <p class='ocr_par' dir='ltr' id='par_1_16' title="bbox 1050 210 1903 253">
     <span class='ocr_line' id='line_1_40' title="bbox 1050 210 1903 253; baseline 0.001 -1"><span class='ocrx_word' id='word_1_162' title='bbox 1050 210 1186 252; x_wconf 87' lang='lat' dir='ltr'>Inuisi</span> <span class='ocrx_word' id='word_1_163' title='bbox 1200 210 1364 253; x_wconf 89' lang='lat' dir='ltr'>inimici</span> <span class='ocrx_word' id='word_1_164' title='bbox 1376 210 1660 252; x_wconf 72' lang='lat' dir='ltr'>felicitatibus</span> <span class='ocrx_word' id='word_1_165' title='bbox 1674 212 1742 252; x_wconf 90' lang='lat' dir='ltr'>uel</span> <span class='ocrx_word' id='word_1_166' title='bbox 1755 211 1903 253; x_wconf 88' lang='lat' dir='ltr'>odiosi.</span> 
     </span>
    </p>

    <p class='ocr_par' dir='ltr' id='par_1_17' title="bbox 1050 281 1906 551">
     <span class='ocr_line' id='line_1_41' title="bbox 1050 281 1905 337; baseline 0 -14"><span class='ocrx_word' id='word_1_167' title='bbox 1050 282 1224 323; x_wconf 87' lang='lat' dir='ltr'>Inurcre</span> <span class='ocrx_word' id='word_1_168' title='bbox 1252 282 1446 337; x_wconf 86' lang='lat' dir='ltr'>infligere</span> <span class='ocrx_word' id='word_1_169' title='bbox 1473 284 1599 323; x_wconf 81' lang='lat' dir='ltr'>notas</span> <span class='ocrx_word' id='word_1_170' title='bbox 1621 281 1689 323; x_wconf 92' lang='lat' dir='ltr'>uel</span> <span class='ocrx_word' id='word_1_171' title='bbox 1717 282 1905 337; x_wconf 81' lang='lat' dir='ltr'>insignia</span> 
     </span>
     <span class='ocr_line' id='line_1_42' title="bbox 1111 353 1904 408; baseline 0.003 -15"><span class='ocrx_word' id='word_1_172' title='bbox 1111 354 1178 394; x_wconf 88' lang='lat' dir='ltr'>uel</span> <span class='ocrx_word' id='word_1_173' title='bbox 1232 353 1420 395; x_wconf 87' lang='lat' dir='ltr'>maculas</span> <span class='ocrx_word' id='word_1_174' title='bbox 1470 356 1518 394; x_wconf 90' lang='lat' dir='ltr'>ut</span> <span class='ocrx_word' id='word_1_175' title='bbox 1574 353 1717 394; x_wconf 86' lang='lat' dir='ltr'>solent</span> <span class='ocrx_word' id='word_1_176' title='bbox 1772 367 1904 408; x_wconf 87' lang='lat' dir='ltr'>equos</span> 
     </span>
     <span class='ocr_line' id='line_1_43' title="bbox 1112 423 1906 479; baseline 0.001 -15"><span class='ocrx_word' id='word_1_177' title='bbox 1112 424 1254 465; x_wconf 85' lang='lat' dir='ltr'>uarios</span> <span class='ocrx_word' id='word_1_178' title='bbox 1289 424 1425 479; x_wconf 82' lang='lat' dir='ltr'>signis</span> <span class='ocrx_word' id='word_1_179' title='bbox 1458 423 1573 465; x_wconf 81' lang='lat' dir='ltr'>ferro</span> <span class='ocrx_word' id='word_1_180' title='bbox 1608 424 1805 465; x_wconf 89' lang='lat' dir='ltr'>candenti</span> <span class='ocrx_word' id='word_1_181' title='bbox 1839 425 1906 465; x_wconf 87' lang='lat' dir='ltr'>de-</span> 
     </span>
     <span class='ocr_line' id='line_1_44' title="bbox 1115 495 1751 551; baseline 0 -15"><span class='ocrx_word' id='word_1_182' title='bbox 1115 496 1285 551; x_wconf 81' lang='lat' dir='ltr'>signare</span> <span class='ocrx_word' id='word_1_183' title='bbox 1319 496 1387 536; x_wconf 86' lang='lat' dir='ltr'>uel</span> <span class='ocrx_word' id='word_1_184' title='bbox 1421 495 1505 537; x_wconf 88' lang='lat' dir='ltr'>alia</span> <span class='ocrx_word' id='word_1_185' title='bbox 1537 495 1751 536; x_wconf 87' lang='lat' dir='ltr'>animalia.</span> 
     </span>
    </p>

    <p class='ocr_par' dir='ltr' id='par_1_18' title="bbox 1053 566 1905 692">
     <span class='ocr_line' id='line_1_45' title="bbox 1053 566 1905 621; baseline 0 -14"><span class='ocrx_word' id='word_1_186' title='bbox 1053 566 1323 621; x_wconf 88' lang='lat' dir='ltr'>Indespicere</span> <span class='ocrx_word' id='word_1_187' title='bbox 1349 567 1510 621; x_wconf 87' lang='lat' dir='ltr'>aliquid</span> <span class='ocrx_word' id='word_1_188' title='bbox 1541 566 1724 621; x_wconf 82' lang='lat' dir='ltr'>incipere</span> <span class='ocrx_word' id='word_1_189' title='bbox 1747 569 1789 608; x_wconf 91' lang='lat' dir='ltr'>et</span> <span class='ocrx_word' id='word_1_190' title='bbox 1815 582 1905 621; x_wconf 82' lang='lat' dir='ltr'>per-</span> 
     </span>
     <span class='ocr_line' id='line_1_46' title="bbox 1115 638 1553 692; baseline -0.005 -12"><span class='ocrx_word' id='word_1_191' title='bbox 1115 639 1239 680; x_wconf 88' lang='lat' dir='ltr'>ficere</span> <span class='ocrx_word' id='word_1_192' title='bbox 1273 653 1321 679; x_wconf 91' lang='lat' dir='ltr'>ac</span> <span class='ocrx_word' id='word_1_193' title='bbox 1352 638 1498 692; x_wconf 84' lang='lat' dir='ltr'>potiri.</span> <span class='ocrx_word' id='word_1_194' title='bbox 1548 652 1553 653; x_wconf 49' lang='lat'><em>⁷</em></span> 
     </span>
    </p>

    <p class='ocr_par' dir='ltr' id='par_1_19' title="bbox 1056 709 1913 1407">
     <span class='ocr_line' id='line_1_47' title="bbox 1056 709 1909 763; baseline 0 -13"><span class='ocrx_word' id='word_1_195' title='bbox 1056 709 1203 751; x_wconf 77' lang='lat' dir='ltr'>Incola</span> <span class='ocrx_word' id='word_1_196' title='bbox 1235 709 1394 751; x_wconf 86' lang='lat' dir='ltr'>dicitur</span> <span class='ocrx_word' id='word_1_197' title='bbox 1427 709 1499 763; x_wconf 87' lang='lat' dir='ltr'>qui</span> <span class='ocrx_word' id='word_1_198' title='bbox 1538 709 1726 763; x_wconf 78' lang='lat' dir='ltr'>aliquem</span> <span class='ocrx_word' id='word_1_199' title='bbox 1765 710 1909 752; x_wconf 89' lang='lat' dir='ltr'>locum</span> 
     </span>
     <span class='ocr_line' id='line_1_48' title="bbox 1116 781 1909 836; baseline 0 -14"><span class='ocrx_word' id='word_1_200' title='bbox 1116 782 1167 823; x_wconf 90' lang='lat' dir='ltr'>ad</span> <span class='ocrx_word' id='word_1_201' title='bbox 1200 796 1244 822; x_wconf 90' lang='lat' dir='ltr'>se</span> <span class='ocrx_word' id='word_1_202' title='bbox 1277 781 1567 836; x_wconf 87' lang='lat' dir='ltr'>pertinentem</span> <span class='ocrx_word' id='word_1_203' title='bbox 1604 781 1763 822; x_wconf 87' lang='lat' dir='ltr'>incolit.</span> <span class='ocrx_word' id='word_1_204' title='bbox 1825 796 1909 835; x_wconf 89' lang='lat' dir='ltr'>pan</span> 
     </span>
     <span class='ocr_line' id='line_1_49' title="bbox 1116 852 1908 907; baseline -0.001 -14"><span class='ocrx_word' id='word_1_205' title='bbox 1116 867 1218 894; x_wconf 89' lang='lat' dir='ltr'>uero</span> <span class='ocrx_word' id='word_1_206' title='bbox 1253 855 1318 894; x_wconf 85' lang='lat' dir='ltr'>est</span> <span class='ocrx_word' id='word_1_207' title='bbox 1346 867 1473 907; x_wconf 89' lang='lat' dir='ltr'>quem</span> <span class='ocrx_word' id='word_1_208' title='bbox 1505 852 1663 907; x_wconf 79' lang='lat' dir='ltr'>pagani</span> <span class='ocrx_word' id='word_1_209' title='bbox 1691 852 1817 893; x_wconf 90' lang='lat' dir='ltr'>deum</span> <span class='ocrx_word' id='word_1_210' title='bbox 1850 852 1908 892; x_wconf 86' lang='grc'><strong>(11-</strong></span> 
     </span>
     <span class='ocr_line' id='line_1_50' title="bbox 1115 923 1908 977; baseline -0.004 -11"><span class='ocrx_word' id='word_1_211' title='bbox 1115 926 1218 966; x_wconf 88' lang='lat' dir='ltr'>cunt</span> <span class='ocrx_word' id='word_1_212' title='bbox 1250 924 1319 965; x_wconf 91' lang='lat' dir='ltr'>uel</span> <span class='ocrx_word' id='word_1_213' title='bbox 1348 924 1394 965; x_wconf 90' lang='lat' dir='ltr'>in</span> <span class='ocrx_word' id='word_1_214' title='bbox 1421 924 1564 966; x_wconf 81' lang='lat' dir='ltr'>cibum</span> <span class='ocrx_word' id='word_1_215' title='bbox 1592 923 1811 977; x_wconf 85' lang='lat' dir='ltr'>appellant</span> <span class='ocrx_word' id='word_1_216' title='bbox 1845 940 1908 964; x_wconf 74' lang='lat' dir='ltr'>‹ra-</span> 
     </span>
     <span class='ocr_line' id='line_1_51' title="bbox 1113 994 1909 1050; baseline -0.003 -14"><span class='ocrx_word' id='word_1_217' title='bbox 1113 994 1250 1050; x_wconf 90' lang='lat' dir='ltr'>prinis</span> <span class='ocrx_word' id='word_1_218' title='bbox 1291 995 1473 1050; x_wconf 86' lang='lat' dir='ltr'>pedibus</span> <span class='ocrx_word' id='word_1_219' title='bbox 1519 995 1751 1036; x_wconf 85' lang='lat' dir='ltr'>barbatum</span> <span class='ocrx_word' id='word_1_220' title='bbox 1797 995 1909 1035; x_wconf 87' lang='lat' dir='ltr'>rubi-</span> 
     </span>
     <span class='ocr_line' id='line_1_52' title="bbox 1116 1065 1909 1108; baseline -0.003 0"><span class='ocrx_word' id='word_1_221' title='bbox 1116 1067 1254 1108; x_wconf 89' lang='lat' dir='ltr'>cunda</span> <span class='ocrx_word' id='word_1_222' title='bbox 1291 1066 1398 1108; x_wconf 85' lang='lat' dir='ltr'>facie</span> <span class='ocrx_word' id='word_1_223' title='bbox 1438 1066 1482 1107; x_wconf 90' lang='lat' dir='ltr'>in</span> <span class='ocrx_word' id='word_1_224' title='bbox 1520 1066 1669 1107; x_wconf 74' lang='lat' dir='ltr'>dextra</span> <span class='ocrx_word' id='word_1_225' title='bbox 1716 1065 1909 1106; x_wconf 79' lang='lat' dir='ltr'>fistulam</span> 
     </span>
     <span class='ocr_line' id='line_1_53' title="bbox 1115 1137 1908 1193; baseline -0.004 -14"><span class='ocrx_word' id='word_1_226' title='bbox 1115 1139 1239 1179; x_wconf 87' lang='lat' dir='ltr'>laeua</span> <span class='ocrx_word' id='word_1_227' title='bbox 1256 1137 1428 1193; x_wconf 83' lang='lat' dir='ltr'>uirgam</span> <span class='ocrx_word' id='word_1_228' title='bbox 1449 1139 1669 1179; x_wconf 88' lang='lat' dir='ltr'>tenentem</span> <span class='ocrx_word' id='word_1_229' title='bbox 1692 1150 1817 1190; x_wconf 91' lang='lat' dir='ltr'>quem</span> <span class='ocrx_word' id='word_1_230' title='bbox 1839 1151 1908 1176; x_wconf 90' lang='lat' dir='ltr'>uo-</span> 
     </span>
     <span class='ocr_line' id='line_1_54' title="bbox 1118 1208 1911 1269; baseline -0.003 -20"><span class='ocrx_word' id='word_1_231' title='bbox 1118 1210 1212 1250; x_wconf 87' lang='lat' dir='ltr'>lunt</span> <span class='ocrx_word' id='word_1_232' title='bbox 1263 1224 1406 1251; x_wconf 86' lang='lat' dir='ltr'>rerum</span> <span class='ocrx_word' id='word_1_233' title='bbox 1458 1212 1500 1250; x_wconf 93' lang='lat' dir='ltr'>et</span> <span class='ocrx_word' id='word_1_234' title='bbox 1552 1208 1688 1250; x_wconf 87' lang='lat' dir='ltr'>totius</span> <span class='ocrx_word' id='word_1_235' title='bbox 1731 1210 1911 1269; x_wconf 74' lang='lat' dir='ltr'>naturae</span> 
     </span>
     <span class='ocr_line' id='line_1_55' title="bbox 1118 1278 1913 1336; baseline -0.004 -14"><span class='ocrx_word' id='word_1_236' title='bbox 1118 1282 1260 1322; x_wconf 88' lang='lat' dir='ltr'>deum:</span> <span class='ocrx_word' id='word_1_237' title='bbox 1293 1281 1403 1322; x_wconf 90' lang='lat' dir='ltr'>unde</span> <span class='ocrx_word' id='word_1_238' title='bbox 1430 1280 1589 1336; x_wconf 82' lang='lat' dir='ltr'>pagani</span> <span class='ocrx_word' id='word_1_239' title='bbox 1618 1279 1740 1334; x_wconf 83' lang='lat' dir='ltr'>quasi</span> <span class='ocrx_word' id='word_1_240' title='bbox 1768 1278 1913 1320; x_wconf 87' lang='lat' dir='ltr'>omnia</span> 
     </span>
     <span class='ocr_line' id='line_1_56' title="bbox 1120 1352 1353 1407; baseline -0.004 -13"><span class='ocrx_word' id='word_1_241' title='bbox 1120 1352 1353 1407; x_wconf 85' lang='lat' dir='ltr'>appellant.</span> 
     </span>
    </p>

    <p class='ocr_par' dir='ltr' id='par_1_20' title="bbox 1059 1424 1384 1466">
     <span class='ocr_line' id='line_1_57' title="bbox 1059 1424 1384 1466; baseline -0.006 0"><span class='ocrx_word' id='word_1_242' title='bbox 1059 1424 1188 1466; x_wconf 87' lang='lat' dir='ltr'>Ilitus</span> <span class='ocrx_word' id='word_1_243' title='bbox 1220 1424 1384 1465; x_wconf 84' lang='lat' dir='ltr'>linitus.</span> 
     </span>
    </p>

    <p class='ocr_par' dir='ltr' id='par_1_21' title="bbox 1058 1494 1914 1680">
     <span class='ocr_line' id='line_1_58' title="bbox 1058 1494 1914 1550; baseline -0.005 -13"><span class='ocrx_word' id='word_1_244' title='bbox 1058 1495 1164 1537; x_wconf 86' lang='lat' dir='ltr'>Iube</span> <span class='ocrx_word' id='word_1_245' title='bbox 1196 1495 1457 1550; x_wconf 86' lang='lat' dir='ltr'>nalepharos</span> <span class='ocrx_word' id='word_1_246' title='bbox 1491 1509 1662 1549; x_wconf 85' lang='lat' dir='ltr'>semper</span> <span class='ocrx_word' id='word_1_247' title='bbox 1693 1494 1837 1534; x_wconf 86' lang='lat' dir='ltr'>uirens</span> <span class='ocrx_word' id='word_1_248' title='bbox 1871 1495 1914 1534; x_wconf 90' lang='lat' dir='ltr'>et</span> 
     </span>
     <span class='ocr_line' id='line_1_59' title="bbox 1118 1565 1913 1621; baseline -0.003 -13"><span class='ocrx_word' id='word_1_249' title='bbox 1118 1581 1356 1621; x_wconf 85' lang='lat' dir='ltr'>numquam</span> <span class='ocrx_word' id='word_1_250' title='bbox 1384 1581 1606 1608; x_wconf 80' lang='lat' dir='ltr'>senescens</span> <span class='ocrx_word' id='word_1_251' title='bbox 1633 1566 1777 1607; x_wconf 90' lang='lat' dir='ltr'>lumen</span> <span class='ocrx_word' id='word_1_252' title='bbox 1802 1567 1850 1606; x_wconf 87' lang='lat' dir='ltr'>ut</span> <span class='ocrx_word' id='word_1_253' title='bbox 1878 1565 1913 1606; x_wconf 87' lang='grc'>81</span> 
     </span>
     <span class='ocr_line' id='line_1_60' title="bbox 1120 1638 1532 1680; baseline -0.002 0"><span class='ocrx_word' id='word_1_254' title='bbox 1120 1639 1170 1680; x_wconf 88' lang='grc'>(10</span> <span class='ocrx_word' id='word_1_255' title='bbox 1204 1638 1293 1680; x_wconf 85' lang='lat' dir='ltr'>sole</span> <span class='ocrx_word' id='word_1_256' title='bbox 1328 1638 1532 1680; x_wconf 88' lang='lat' dir='ltr'>dicamus.</span> 
     </span>
    </p>

    <p class='ocr_par' dir='ltr' id='par_1_22' title="bbox 1059 1709 1472 1764">
     <span class='ocr_line' id='line_1_61' title="bbox 1059 1709 1472 1764; baseline -0.005 -12"><span class='ocrx_word' id='word_1_257' title='bbox 1059 1710 1163 1752; x_wconf 88' lang='lat' dir='ltr'>Infit</span> <span class='ocrx_word' id='word_1_258' title='bbox 1194 1709 1348 1764; x_wconf 85' lang='lat' dir='ltr'>incipit</span> <span class='ocrx_word' id='word_1_259' title='bbox 1379 1709 1472 1750; x_wconf 86' lang='lat' dir='ltr'>fari.</span> 
     </span>
    </p>

    <p class='ocr_par' dir='ltr' id='par_1_23' title="bbox 1060 1779 1916 1979">
     <span class='ocr_line' id='line_1_62' title="bbox 1060 1779 1914 1823; baseline -0.004 -1"><span class='ocrx_word' id='word_1_260' title='bbox 1060 1781 1227 1823; x_wconf 85' lang='lat' dir='ltr'>Insulae</span> <span class='ocrx_word' id='word_1_261' title='bbox 1273 1783 1374 1822; x_wconf 88' lang='lat' dir='ltr'>sunt</span> <span class='ocrx_word' id='word_1_262' title='bbox 1420 1783 1672 1822; x_wconf 80' lang='lat' dir='ltr'>ornamenta</span> <span class='ocrx_word' id='word_1_263' title='bbox 1721 1779 1914 1822; x_wconf 87' lang='lat' dir='ltr'>omnium</span> 
     </span>
     <span class='ocr_line' id='line_1_63' title="bbox 1119 1852 1916 1907; baseline -0.003 -13"><span class='ocrx_word' id='word_1_264' title='bbox 1119 1853 1276 1894; x_wconf 87' lang='lat' dir='ltr'>horum</span> <span class='ocrx_word' id='word_1_265' title='bbox 1311 1867 1456 1893; x_wconf 86' lang='lat' dir='ltr'>rerum</span> <span class='ocrx_word' id='word_1_266' title='bbox 1489 1855 1531 1893; x_wconf 91' lang='lat' dir='ltr'>et</span> <span class='ocrx_word' id='word_1_267' title='bbox 1571 1852 1834 1907; x_wconf 76' lang='lat' dir='ltr'>dignitatum</span> <span class='ocrx_word' id='word_1_268' title='bbox 1873 1853 1916 1892; x_wconf 87' lang='lat' dir='ltr'>et</span> 
     </span>
     <span class='ocr_line' id='line_1_64' title="bbox 1121 1923 1786 1979; baseline -0.003 -13"><span class='ocrx_word' id='word_1_269' title='bbox 1121 1939 1329 1979; x_wconf 89' lang='lat' dir='ltr'>equorum</span> <span class='ocrx_word' id='word_1_270' title='bbox 1361 1923 1508 1978; x_wconf 87' lang='lat' dir='ltr'>effipia</span> <span class='ocrx_word' id='word_1_271' title='bbox 1540 1924 1630 1965; x_wconf 90' lang='lat' dir='ltr'>siue</span> <span class='ocrx_word' id='word_1_272' title='bbox 1662 1923 1786 1964; x_wconf 88' lang='lat' dir='ltr'>freni.</span> 
     </span>
    </p>

    <p class='ocr_par' dir='ltr' id='par_1_24' title="bbox 1060 1994 1796 2052">
     <span class='ocr_line' id='line_1_65' title="bbox 1060 1994 1796 2052; baseline -0.003 -15"><span class='ocrx_word' id='word_1_273' title='bbox 1060 1995 1283 2052; x_wconf 81' lang='lat' dir='ltr'>Ingluuies</span> <span class='ocrx_word' id='word_1_274' title='bbox 1317 1996 1437 2051; x_wconf 84' lang='lat' dir='ltr'>gulla</span> <span class='ocrx_word' id='word_1_275' title='bbox 1468 1995 1537 2036; x_wconf 90' lang='lat' dir='ltr'>uel</span> <span class='ocrx_word' id='word_1_276' title='bbox 1567 1994 1796 2036; x_wconf 84' lang='lat' dir='ltr'>uoracitas.</span> 
     </span>
    </p>

    <p class='ocr_par' dir='ltr' id='par_1_25' title="bbox 1060 2065 1915 2122">
     <span class='ocr_line' id='line_1_66' title="bbox 1060 2065 1915 2122; baseline -0.006 -12"><span class='ocrx_word' id='word_1_277' title='bbox 1060 2067 1474 2122; x_wconf 87' lang='lat' dir='ltr'>Impraesentiarum</span> <span class='ocrx_word' id='word_1_278' title='bbox 1512 2081 1590 2121; x_wconf 93' lang='lat' dir='ltr'>pro</span> <span class='ocrx_word' id='word_1_279' title='bbox 1622 2065 1915 2121; x_wconf 81' lang='lat' dir='ltr'>impraesenti.</span> 
     </span>
    </p>

    <p class='ocr_par' dir='ltr' id='par_1_26' title="bbox 1062 2137 1917 2264">
     <span class='ocr_line' id='line_1_67' title="bbox 1062 2137 1917 2192; baseline -0.005 -11"><span class='ocrx_word' id='word_1_280' title='bbox 1062 2139 1311 2181; x_wconf 84' lang='lat' dir='ltr'>Insectandi</span> <span class='ocrx_word' id='word_1_281' title='bbox 1343 2141 1387 2180; x_wconf 91' lang='lat' dir='ltr'>et</span> <span class='ocrx_word' id='word_1_282' title='bbox 1413 2137 1700 2192; x_wconf 89' lang='lat' dir='ltr'>compellandi</span> <span class='ocrx_word' id='word_1_283' title='bbox 1734 2151 1830 2178; x_wconf 90' lang='lat' dir='ltr'>cum</span> <span class='ocrx_word' id='word_1_284' title='bbox 1857 2137 1917 2177; x_wconf 88' lang='lat' dir='ltr'>in-</span> 
     </span>
     <span class='ocr_line' id='line_1_68' title="bbox 1122 2209 1521 2264; baseline -0.003 -12"><span class='ocrx_word' id='word_1_285' title='bbox 1122 2210 1234 2252; x_wconf 87' lang='lat' dir='ltr'>iuria</span> <span class='ocrx_word' id='word_1_286' title='bbox 1265 2209 1521 2264; x_wconf 86' lang='lat' dir='ltr'>appellandi.</span> 
     </span>
    </p>

    <p class='ocr_par' dir='ltr' id='par_1_27' title="bbox 1062 2279 1920 2765">
     <span class='ocr_line' id='line_1_69' title="bbox 1062 2279 1916 2342; baseline -0.005 -18"><span class='ocrx_word' id='word_1_287' title='bbox 1062 2282 1238 2338; x_wconf 79' lang='lat' dir='ltr'>Indiges</span> <span class='ocrx_word' id='word_1_288' title='bbox 1268 2281 1426 2342; x_wconf 69' lang='lat' dir='ltr'>dicitur</span> <span class='ocrx_word' id='word_1_289' title='bbox 1457 2280 1676 2322; x_wconf 90' lang='lat' dir='ltr'>interdum</span> <span class='ocrx_word' id='word_1_290' title='bbox 1703 2279 1916 2322; x_wconf 85' lang='lat' dir='ltr'>emhiteus</span> 
     </span>
     <span class='ocr_line' id='line_1_70' title="bbox 1121 2351 1917 2408; baseline -0.004 -14"><span class='ocrx_word' id='word_1_291' title='bbox 1121 2356 1171 2394; x_wconf 92' lang='lat' dir='ltr'>ut</span> <span class='ocrx_word' id='word_1_292' title='bbox 1192 2368 1323 2408; x_wconf 88' lang='lat' dir='ltr'>supra</span> <span class='ocrx_word' id='word_1_293' title='bbox 1343 2353 1504 2394; x_wconf 86' lang='lat' dir='ltr'>dictum</span> <span class='ocrx_word' id='word_1_294' title='bbox 1525 2354 1591 2394; x_wconf 90' lang='lat' dir='ltr'>est</span> <span class='ocrx_word' id='word_1_295' title='bbox 1612 2353 1664 2394; x_wconf 87' lang='lat' dir='ltr'>ab</span> <span class='ocrx_word' id='word_1_296' title='bbox 1686 2351 1917 2407; x_wconf 81' lang='lat' dir='ltr'>indigendo</span> 
     </span>
     <span class='ocr_line' id='line_1_71' title="bbox 1123 2421 1918 2478; baseline -0.005 -12"><span class='ocrx_word' id='word_1_297' title='bbox 1123 2425 1400 2466; x_wconf 87' lang='lat' dir='ltr'>diuinitatem</span> <span class='ocrx_word' id='word_1_298' title='bbox 1452 2423 1525 2478; x_wconf 86' lang='lat' dir='ltr'>qui</span> <span class='ocrx_word' id='word_1_299' title='bbox 1576 2438 1674 2465; x_wconf 87' lang='lat' dir='ltr'>cum</span> <span class='ocrx_word' id='word_1_300' title='bbox 1722 2421 1918 2463; x_wconf 91' lang='lat' dir='ltr'>homines</span> 
     </span>
     <span class='ocr_line' id='line_1_72' title="bbox 1124 2492 1918 2551; baseline -0.006 -14"><span class='ocrx_word' id='word_1_301' title='bbox 1124 2496 1287 2537; x_wconf 85' lang='lat' dir='ltr'>fuerint</span> <span class='ocrx_word' id='word_1_302' title='bbox 1307 2495 1574 2551; x_wconf 82' lang='lat' dir='ltr'>indiguerint</span> <span class='ocrx_word' id='word_1_303' title='bbox 1594 2497 1739 2536; x_wconf 89' lang='lat' dir='ltr'>tamen</span> <span class='ocrx_word' id='word_1_304' title='bbox 1761 2492 1918 2534; x_wconf 89' lang='lat' dir='ltr'>diuinis</span> 
     </span>
     <span class='ocr_line' id='line_1_73' title="bbox 1126 2563 1919 2621; baseline -0.005 -13"><span class='ocrx_word' id='word_1_305' title='bbox 1126 2568 1274 2609; x_wconf 88' lang='lat' dir='ltr'>dicunt</span> <span class='ocrx_word' id='word_1_306' title='bbox 1300 2567 1432 2608; x_wconf 91' lang='lat' dir='ltr'>etiam</span> <span class='ocrx_word' id='word_1_307' title='bbox 1459 2566 1645 2621; x_wconf 88' lang='lat' dir='ltr'>quodam</span> <span class='ocrx_word' id='word_1_308' title='bbox 1676 2563 1919 2620; x_wconf 81' lang='lat' dir='ltr'>indigentes</span> 
     </span>
     <span class='ocr_line' id='line_1_74' title="bbox 1125 2637 1920 2680; baseline -0.006 0"><span class='ocrx_word' id='word_1_309' title='bbox 1125 2638 1228 2680; x_wconf 87' lang='lat' dir='ltr'>deos</span> <span class='ocrx_word' id='word_1_310' title='bbox 1245 2638 1464 2680; x_wconf 81' lang='lat' dir='ltr'>naturales</span> <span class='ocrx_word' id='word_1_311' title='bbox 1487 2640 1530 2679; x_wconf 89' lang='lat' dir='ltr'>et</span> <span class='ocrx_word' id='word_1_312' title='bbox 1551 2637 1757 2679; x_wconf 88' lang='lat' dir='ltr'>caelestes</span> <span class='ocrx_word' id='word_1_313' title='bbox 1779 2649 1804 2676; x_wconf 91' lang='lat' dir='ltr'>a</span> <span class='ocrx_word' id='word_1_314' title='bbox 1824 2649 1920 2677; x_wconf 87' lang='lat' dir='ltr'>con-</span> 
     </span>
     <span class='ocr_line' id='line_1_75' title="bbox 1125 2707 1837 2765; baseline -0.006 -14"><span class='ocrx_word' id='word_1_315' title='bbox 1125 2709 1260 2751; x_wconf 87' lang='lat' dir='ltr'>trario</span> <span class='ocrx_word' id='word_1_316' title='bbox 1294 2709 1407 2765; x_wconf 87' lang='lat' dir='ltr'>quod</span> <span class='ocrx_word' id='word_1_317' title='bbox 1438 2708 1570 2750; x_wconf 84' lang='lat' dir='ltr'>nullis</span> <span class='ocrx_word' id='word_1_318' title='bbox 1602 2707 1837 2763; x_wconf 80' lang='lat' dir='ltr'>indigeant.</span> 
     </span>
    </p>
   </div>
   <div class='ocr_carea' id='block_1_9' title="bbox 175 2834 1921 3003">
    <p class='ocr_par' dir='ltr' id='par_1_28' title="bbox 175 2834 1921 3003">
     <span class='ocr_line' id='line_1_76' title="bbox 175 2834 1921 2886; baseline -0.003 -11"><span class='ocrx_word' id='word_1_319' title='bbox 175 2839 291 2875; x_wconf 88' lang='lat' dir='ltr'>Iulius</span> <span class='ocrx_word' id='word_1_320' title='bbox 313 2841 332 2875; x_wconf 88' lang='lat' dir='ltr'><strong><em>b</em></strong></span> <span class='ocrx_word' id='word_1_321' title='bbox 355 2841 360 2885; x_wconf 89' lang='grc' dir='ltr'>Ι</span> <span class='ocrx_word' id='word_1_322' title='bbox 381 2839 620 2885; x_wconf 87' lang='lat' dir='ltr'>imparatoris</span> <span class='ocrx_word' id='word_1_323' title='bbox 642 2841 696 2875; x_wconf 68' lang='lat' dir='ltr'>bis</span> <span class='ocrx_word' id='word_1_324' title='bbox 715 2852 739 2875; x_wconf 72' lang='grc' dir='ltr'>τι</span> <span class='ocrx_word' id='word_1_325' title='bbox 760 2840 765 2885; x_wconf 89' lang='grc'>1</span> <span class='ocrx_word' id='word_1_326' title='bbox 789 2840 990 2885; x_wconf 84' lang='lat' dir='ltr'>augustum</span> <span class='ocrx_word' id='word_1_327' title='bbox 1009 2852 1032 2875; x_wconf 89' lang='grc' dir='ltr'><em>α</em></span> <span class='ocrx_word' id='word_1_328' title='bbox 1054 2839 1059 2886; x_wconf 84' lang='grc'>1</span> <span class='ocrx_word' id='word_1_329' title='bbox 1083 2838 1134 2873; x_wconf 83' lang='grc'>810</span> <span class='ocrx_word' id='word_1_330' title='bbox 1155 2837 1270 2873; x_wconf 80' lang='lat' dir='ltr'>etiam</span> <span class='ocrx_word' id='word_1_331' title='bbox 1287 2859 1325 2863; x_wconf 81' lang='lat'>—</span> <span class='ocrx_word' id='word_1_332' title='bbox 1344 2839 1413 2872; x_wconf 85' lang='lat' dir='ltr'>oct.</span> <span class='ocrx_word' id='word_1_333' title='bbox 1433 2838 1490 2871; x_wconf 82' lang='lat' dir='ltr'>est</span> <span class='ocrx_word' id='word_1_334' title='bbox 1510 2847 1575 2871; x_wconf 79' lang='lat' dir='ltr'>om.</span> <span class='ocrx_word' id='word_1_335' title='bbox 1593 2837 1643 2871; x_wconf 85' lang='lat' dir='ltr'>ab</span> <span class='ocrx_word' id='word_1_336' title='bbox 1666 2837 1670 2880; x_wconf 89' lang='grc'>1</span> <span class='ocrx_word' id='word_1_337' title='bbox 1701 2834 1791 2880; x_wconf 83' lang='lat' dir='ltr'>quia</span> <span class='ocrx_word' id='word_1_338' title='bbox 1811 2836 1849 2870; x_wconf 90' lang='lat' dir='ltr'>et</span> <span class='ocrx_word' id='word_1_339' title='bbox 1868 2847 1891 2869; x_wconf 79' lang='lat' dir='ltr'>a</span> <span class='ocrx_word' id='word_1_340' title='bbox 1910 2835 1921 2855; x_wconf 79' lang='lat'>&#39;¹</span> 
     </span>
     <span class='ocr_line' id='line_1_77' title="bbox 177 2895 1897 2944; baseline -0.002 -11"><span class='ocrx_word' id='word_1_341' title='bbox 177 2903 208 2935; x_wconf 82' lang='lat'>2.</span> <span class='ocrx_word' id='word_1_342' title='bbox 229 2898 410 2944; x_wconf 85' lang='lat' dir='ltr'>uergilius</span> <span class='ocrx_word' id='word_1_343' title='bbox 431 2912 448 2934; x_wconf 85' lang='lat' dir='ltr'>c</span> <span class='ocrx_word' id='word_1_344' title='bbox 470 2901 475 2943; x_wconf 84' lang='grc' dir='ltr'>Ι</span> <span class='ocrx_word' id='word_1_345' title='bbox 499 2899 676 2934; x_wconf 81' lang='lat' dir='ltr'>salustius</span> <span class='ocrx_word' id='word_1_346' title='bbox 697 2912 719 2935; x_wconf 84' lang='lat' dir='ltr'>a</span> <span class='ocrx_word' id='word_1_347' title='bbox 739 2902 750 2944; x_wconf 77' lang='grc' dir='ltr'>ΙΙ</span> <span class='ocrx_word' id='word_1_348' title='bbox 771 2903 800 2934; x_wconf 90' lang='grc'>6.</span> <span class='ocrx_word' id='word_1_349' title='bbox 822 2911 897 2934; x_wconf 83' lang='grc'><strong>11011</strong></span> <span class='ocrx_word' id='word_1_350' title='bbox 918 2899 970 2933; x_wconf 85' lang='lat' dir='ltr'>sic</span> <span class='ocrx_word' id='word_1_351' title='bbox 991 2901 1032 2934; x_wconf 71' lang='lat' dir='ltr'>in</span> <span class='ocrx_word' id='word_1_352' title='bbox 1051 2910 1163 2944; x_wconf 66' lang='grc' dir='ltr'>πται-9.</span> <span class='ocrx_word' id='word_1_353' title='bbox 1179 2899 1215 2933; x_wconf 72' lang='lat' dir='ltr'>b²</span> <span class='ocrx_word' id='word_1_354' title='bbox 1235 2900 1246 2942; x_wconf 81' lang='grc' dir='ltr'>Η</span> <span class='ocrx_word' id='word_1_355' title='bbox 1268 2901 1298 2932; x_wconf 85' lang='grc'>7.</span> <span class='ocrx_word' id='word_1_356' title='bbox 1319 2896 1528 2931; x_wconf 84' lang='lat' dir='ltr'>incubendo</span> <span class='ocrx_word' id='word_1_357' title='bbox 1549 2907 1592 2930; x_wconf 65' lang='lat' dir='ltr'>ex</span> <span class='ocrx_word' id='word_1_358' title='bbox 1611 2895 1859 2929; x_wconf 87' lang='lat' dir='ltr'>incumbendo</span> <span class='ocrx_word' id='word_1_359' title='bbox 1878 2896 1897 2929; x_wconf 88' lang='lat' dir='ltr'><strong><em>b</em></strong></span> 
     </span>
     <span class='ocr_line' id='line_1_78' title="bbox 179 2954 1920 3003; baseline -0.003 -10"><span class='ocrx_word' id='word_1_360' title='bbox 179 2963 233 2994; x_wconf 88' lang='lat'>11.</span> <span class='ocrx_word' id='word_1_361' title='bbox 261 2958 438 2993; x_wconf 88' lang='lat' dir='ltr'>incubum</span> <span class='ocrx_word' id='word_1_362' title='bbox 464 2960 483 2994; x_wconf 87' lang='lat' dir='ltr'><strong><em>b</em></strong></span> <span class='ocrx_word' id='word_1_363' title='bbox 509 2970 553 2994; x_wconf 76' lang='lat' dir='ltr'>ex</span> <span class='ocrx_word' id='word_1_364' title='bbox 578 2970 668 2995; x_wconf 73' lang='lat' dir='ltr'>corr.</span> <span class='ocrx_word' id='word_1_365' title='bbox 689 2961 700 3003; x_wconf 86' lang='grc' dir='ltr'>ΙΙ</span> <span class='ocrx_word' id='word_1_366' title='bbox 721 2963 776 2995; x_wconf 80' lang='lat'>12.</span> <span class='ocrx_word' id='word_1_367' title='bbox 802 2958 931 2994; x_wconf 88' lang='lat' dir='ltr'>linitas</span> <span class='ocrx_word' id='word_1_368' title='bbox 959 2971 982 2994; x_wconf 84' lang='lat' dir='ltr'>a</span> <span class='ocrx_word' id='word_1_369' title='bbox 1000 2960 1011 3002; x_wconf 83' lang='grc' dir='ltr'>ΙΙ</span> <span class='ocrx_word' id='word_1_370' title='bbox 1038 2962 1092 2993; x_wconf 87' lang='lat'>13.</span> <span class='ocrx_word' id='word_1_371' title='bbox 1119 2967 1311 3000; x_wconf 85' lang='lat' dir='ltr'>nunquam</span> <span class='ocrx_word' id='word_1_372' title='bbox 1338 2957 1382 2992; x_wconf 83' lang='lat' dir='ltr'>bc</span> <span class='ocrx_word' id='word_1_373' title='bbox 1402 2958 1412 3001; x_wconf 88' lang='grc' dir='ltr'>ΙΙ</span> <span class='ocrx_word' id='word_1_374' title='bbox 1440 2959 1494 2990; x_wconf 87' lang='lat'>15.</span> <span class='ocrx_word' id='word_1_375' title='bbox 1520 2954 1669 2989; x_wconf 89' lang='lat' dir='ltr'>Insulae</span> <span class='ocrx_word' id='word_1_376' title='bbox 1689 2967 1713 2989; x_wconf 81' lang='grc' dir='ltr'>α</span> <span class='ocrx_word' id='word_1_377' title='bbox 1734 2956 1739 2999; x_wconf 85' lang='lat' dir='ltr'>l</span> <span class='ocrx_word' id='word_1_378' title='bbox 1762 2954 1920 2989; x_wconf 67' lang='grc'><strong>11110110-</strong></span> 
     </span>
    </p>
   </div>
   <div class='ocr_carea' id='block_1_10' title="bbox 176 3017 1047 3064">
    <p class='ocr_par' dir='ltr' id='par_1_29' title="bbox 176 3017 1047 3064">
     <span class='ocr_line' id='line_1_79' title="bbox 176 3017 1047 3064; baseline -0.001 -11"><span class='ocrx_word' id='word_1_379' title='bbox 176 3030 259 3053; x_wconf 83' lang='lat' dir='ltr'>rum</span> <span class='ocrx_word' id='word_1_380' title='bbox 284 3019 325 3053; x_wconf 74' lang='lat' dir='ltr'>in</span> <span class='ocrx_word' id='word_1_381' title='bbox 349 3029 462 3064; x_wconf 72' lang='lat' dir='ltr'>mary.</span> <span class='ocrx_word' id='word_1_382' title='bbox 490 3017 529 3053; x_wconf 81' lang='lat' dir='ltr'>b²</span> <span class='ocrx_word' id='word_1_383' title='bbox 562 3020 567 3061; x_wconf 87' lang='grc'>1</span> <span class='ocrx_word' id='word_1_384' title='bbox 609 3018 720 3064; x_wconf 86' lang='lat' dir='ltr'>efipia</span> <span class='ocrx_word' id='word_1_385' title='bbox 746 3019 801 3054; x_wconf 85' lang='lat' dir='ltr'>b¹.·</span> <span class='ocrx_word' id='word_1_386' title='bbox 832 3018 988 3064; x_wconf 81' lang='lat' dir='ltr'>epythia</span> <span class='ocrx_word' id='word_1_387' title='bbox 1014 3018 1047 3053; x_wconf 45' lang='grc' dir='ltr'>οῖ’</span> 
     </span>
    </p>
   </div>
   <div class='ocr_carea' id='block_1_11' title="bbox 1073 3013 1886 3061">
    <p class='ocr_par' dir='ltr' id='par_1_30' title="bbox 1073 3013 1886 3061">
     <span class='ocr_line' id='line_1_80' title="bbox 1073 3013 1886 3061; baseline -0.006 -9"><span class='ocrx_word' id='word_1_388' title='bbox 1073 3021 1105 3052; x_wconf 79' lang='lat' dir='ltr'>et</span> <span class='ocrx_word' id='word_1_389' title='bbox 1131 3016 1168 3051; x_wconf 71' lang='lat' dir='ltr'>b²</span> <span class='ocrx_word' id='word_1_390' title='bbox 1194 3017 1236 3053; x_wconf 74' lang='lat' dir='ltr'>in</span> <span class='ocrx_word' id='word_1_391' title='bbox 1259 3027 1372 3061; x_wconf 70' lang='lat' dir='ltr'>marq.</span> <span class='ocrx_word' id='word_1_392' title='bbox 1415 3016 1419 3059; x_wconf 94' lang='grc' dir='ltr'>Ι</span> <span class='ocrx_word' id='word_1_393' title='bbox 1461 3013 1555 3048; x_wconf 82' lang='grc'><strong>31138</strong></span> <span class='ocrx_word' id='word_1_394' title='bbox 1582 3013 1727 3060; x_wconf 86' lang='lat' dir='ltr'>epithia</span> <span class='ocrx_word' id='word_1_395' title='bbox 1751 3014 1837 3049; x_wconf 77' lang='lat' dir='ltr'>add.</span> <span class='ocrx_word' id='word_1_396' title='bbox 1864 3025 1886 3048; x_wconf 83' lang='grc' dir='ltr'><em>α</em></span> 
     </span>
    </p>
   </div>
   <div class='ocr_carea' id='block_1_12' title="bbox 179 3071 1913 3124">
    <p class='ocr_par' dir='ltr' id='par_1_31' title="bbox 179 3071 1913 3124">
     <span class='ocr_line' id='line_1_81' title="bbox 179 3071 1913 3124; baseline -0.003 -12"><span class='ocrx_word' id='word_1_397' title='bbox 179 3081 234 3113; x_wconf 91' lang='grc'>16.</span> <span class='ocrx_word' id='word_1_398' title='bbox 255 3077 345 3124; x_wconf 83' lang='lat' dir='ltr'>gula</span> <span class='ocrx_word' id='word_1_399' title='bbox 366 3078 385 3113; x_wconf 91' lang='lat' dir='ltr'><strong><em>b</em></strong></span> <span class='ocrx_word' id='word_1_400' title='bbox 405 3078 417 3122; x_wconf 87' lang='grc' dir='ltr'>ΙΙ</span> <span class='ocrx_word' id='word_1_401' title='bbox 439 3080 491 3113; x_wconf 85' lang='grc'>17.</span> <span class='ocrx_word' id='word_1_402' title='bbox 512 3077 823 3123; x_wconf 87' lang='lat' dir='ltr'>Impotentiarum</span> <span class='ocrx_word' id='word_1_403' title='bbox 843 3079 899 3114; x_wconf 83' lang='lat' dir='ltr'>b¹.·</span> <span class='ocrx_word' id='word_1_404' title='bbox 919 3089 1008 3113; x_wconf 74' lang='lat' dir='ltr'>corr.</span> <span class='ocrx_word' id='word_1_405' title='bbox 1026 3076 1061 3112; x_wconf 73' lang='lat' dir='ltr'>b²</span> <span class='ocrx_word' id='word_1_406' title='bbox 1084 3077 1089 3122; x_wconf 87' lang='grc' dir='ltr'>Ι</span> <span class='ocrx_word' id='word_1_407' title='bbox 1111 3074 1310 3121; x_wconf 87' lang='lat' dir='ltr'>impotenti</span> <span class='ocrx_word' id='word_1_408' title='bbox 1333 3075 1388 3110; x_wconf 88' lang='lat' dir='ltr'>b¹:</span> <span class='ocrx_word' id='word_1_409' title='bbox 1413 3086 1502 3110; x_wconf 80' lang='lat' dir='ltr'>corr.</span> <span class='ocrx_word' id='word_1_410' title='bbox 1519 3073 1556 3110; x_wconf 76' lang='lat' dir='ltr'>b²</span> <span class='ocrx_word' id='word_1_411' title='bbox 1575 3075 1587 3119; x_wconf 90' lang='grc' dir='ltr'>ΙΙ</span> <span class='ocrx_word' id='word_1_412' title='bbox 1608 3077 1660 3108; x_wconf 87' lang='grc'>19.</span> <span class='ocrx_word' id='word_1_413' title='bbox 1689 3071 1846 3107; x_wconf 87' lang='lat' dir='ltr'>emhites</span> <span class='ocrx_word' id='word_1_414' title='bbox 1867 3073 1886 3107; x_wconf 89' lang='lat' dir='ltr'><strong><em>b</em></strong></span> <span class='ocrx_word' id='word_1_415' title='bbox 1912 3072 1913 3116; x_wconf 71' lang='lat' dir='ltr'>j</span> 
     </span>
    </p>
   </div>
   <div class='ocr_carea' id='block_1_13' title="bbox 1929 580 1960 604">
    <p class='ocr_par' dir='ltr' id='par_1_32' title="bbox 1929 580 1960 604">
     <span class='ocr_line' id='line_1_82' title="bbox 1929 580 1960 604; baseline 0.032 -1"><span class='ocrx_word' id='word_1_416' title='bbox 1929 580 1960 604; x_wconf 87' lang='lat'>10</span> 
     </span>
    </p>
   </div>
   <div class='ocr_carea' id='block_1_14' title="bbox 1937 1794 1969 1819">
    <p class='ocr_par' dir='ltr' id='par_1_33' title="bbox 1937 1794 1969 1819">
     <span class='ocr_line' id='line_1_83' title="bbox 1937 1794 1969 1819; baseline 0 0"><span class='ocrx_word' id='word_1_417' title='bbox 1937 1794 1969 1819; x_wconf 87' lang='grc'>15</span> 
     </span>
    </p>
   </div>
  </div>
 </body>
</html>
