<?xml version="1.0" encoding="UTF-8"?>
<!DOCTYPE html PUBLIC "-//W3C//DTD XHTML 1.0 Transitional//EN"
    "http://www.w3.org/TR/xhtml1/DTD/xhtml1-transitional.dtd">
<html xmlns="http://www.w3.org/1999/xhtml" xml:lang="en" lang="en">
 <head>
  <title>
</title>
<meta http-equiv="Content-Type" content="text/html;charset=utf-8" />
  <meta name='ocr-system' content='tesseract 3.04.00' />
  <meta name='ocr-capabilities' content='ocr_page ocr_carea ocr_par ocr_line ocrx_word'/>
</head>
<body>
  <div class='ocr_page' id='page_1' title='image "./corpusglossarior05linduoft_0134.png"; bbox 0 0 2216 3402; ppageno 0'>
   <div class='ocr_carea' id='block_1_1' title="bbox 168 140 224 180">
    <p class='ocr_par' dir='ltr' id='par_1_1' title="bbox 168 140 224 180">
     <span class='ocr_line' id='line_1_1' title="bbox 168 140 224 180; baseline -0.018 0"><span class='ocrx_word' id='word_1_1' title='bbox 168 140 224 180; x_wconf 74' lang='lat'>92</span> 
     </span>
    </p>
   </div>
   <div class='ocr_carea' id='block_1_2' title="bbox 161 245 1024 1438">
    <p class='ocr_par' dir='ltr' id='par_1_2' title="bbox 192 245 1023 518">
     <span class='ocr_line' id='line_1_2' title="bbox 223 245 1023 303; baseline -0.005 -12"><span class='ocrx_word' id='word_1_2' title='bbox 223 249 423 291; x_wconf 84' lang='lat' dir='ltr'>introduc</span> <span class='ocrx_word' id='word_1_3' title='bbox 458 251 652 303; x_wconf 86' lang='lat' dir='ltr'>tempore</span> <span class='ocrx_word' id='word_1_4' title='bbox 679 246 784 288; x_wconf 87' lang='lat' dir='ltr'>belli</span> <span class='ocrx_word' id='word_1_5' title='bbox 816 246 945 288; x_wconf 85' lang='lat' dir='ltr'>troici</span> <span class='ocrx_word' id='word_1_6' title='bbox 977 245 1023 287; x_wconf 92' lang='lat' dir='ltr'>in</span> 
     </span>
     <span class='ocr_line' id='line_1_3' title="bbox 223 317 1021 375; baseline -0.005 -13"><span class='ocrx_word' id='word_1_7' title='bbox 223 321 432 362; x_wconf 79' lang='lat' dir='ltr'>auxilium</span> <span class='ocrx_word' id='word_1_8' title='bbox 469 320 638 375; x_wconf 83' lang='lat' dir='ltr'>priamo</span> <span class='ocrx_word' id='word_1_9' title='bbox 680 317 851 360; x_wconf 88' lang='lat' dir='ltr'>uenisse</span> <span class='ocrx_word' id='word_1_10' title='bbox 892 332 1021 372; x_wconf 88' lang='lat' dir='ltr'>quam</span> 
     </span>
     <span class='ocr_line' id='line_1_4' title="bbox 223 390 1021 445; baseline -0.005 -11"><span class='ocrx_word' id='word_1_11' title='bbox 223 392 361 435; x_wconf 85' lang='lat' dir='ltr'>acillis</span> <span class='ocrx_word' id='word_1_12' title='bbox 416 406 527 433; x_wconf 92' lang='lat' dir='ltr'>unus</span> <span class='ocrx_word' id='word_1_13' title='bbox 585 405 812 445; x_wconf 81' lang='lat' dir='ltr'>grecorum</span> <span class='ocrx_word' id='word_1_14' title='bbox 865 390 1021 431; x_wconf 88' lang='lat' dir='ltr'>ducum</span> 
     </span>
     <span class='ocr_line' id='line_1_5' title="bbox 192 453 880 518; baseline -0.004 -12"><span class='ocrx_word' id='word_1_15' title='bbox 192 453 194 455; x_wconf 66' lang='lat'>‚</span> <span class='ocrx_word' id='word_1_16' title='bbox 223 463 486 506; x_wconf 86' lang='lat' dir='ltr'>fortissimus</span> <span class='ocrx_word' id='word_1_17' title='bbox 521 462 680 505; x_wconf 86' lang='lat' dir='ltr'>occidit</span> <span class='ocrx_word' id='word_1_18' title='bbox 712 460 779 518; x_wconf 78' lang='lat' dir='ltr'>(de</span> <span class='ocrx_word' id='word_1_19' title='bbox 806 459 880 518; x_wconf 63' lang='lat' dir='ltr'>ql.)</span> 
     </span>
    </p>

    <p class='ocr_par' dir='ltr' id='par_1_3' title="bbox 164 533 1023 735">
     <span class='ocr_line' id='line_1_6' title="bbox 164 533 1022 590; baseline -0.002 -14"><span class='ocrx_word' id='word_1_20' title='bbox 164 535 368 578; x_wconf 88' lang='lat' dir='ltr'>Precellit</span> <span class='ocrx_word' id='word_1_21' title='bbox 404 534 596 590; x_wconf 86' lang='lat' dir='ltr'>percutit</span> <span class='ocrx_word' id='word_1_22' title='bbox 637 533 831 590; x_wconf 85' lang='lat' dir='ltr'>procella</span> <span class='ocrx_word' id='word_1_23' title='bbox 869 536 913 575; x_wconf 85' lang='lat' dir='ltr'>et</span> <span class='ocrx_word' id='word_1_24' title='bbox 953 547 1022 588; x_wconf 85' lang='lat' dir='ltr'>pe-</span> 
     </span>
     <span class='ocr_line' id='line_1_7' title="bbox 220 604 1023 662; baseline -0.002 -14"><span class='ocrx_word' id='word_1_25' title='bbox 220 607 339 649; x_wconf 88' lang='lat' dir='ltr'>nitus</span> <span class='ocrx_word' id='word_1_26' title='bbox 392 606 593 662; x_wconf 84' lang='lat' dir='ltr'>amputat</span> <span class='ocrx_word' id='word_1_27' title='bbox 644 621 771 660; x_wconf 88' lang='lat' dir='ltr'>quem</span> <span class='ocrx_word' id='word_1_28' title='bbox 825 604 1023 660; x_wconf 71' lang='lat' dir='ltr'>percellit</span> 
     </span>
     <span class='ocr_line' id='line_1_8' title="bbox 223 677 387 735; baseline -0.006 -15"><span class='ocrx_word' id='word_1_29' title='bbox 223 678 287 735; x_wconf 74' lang='lat' dir='ltr'>(de</span> <span class='ocrx_word' id='word_1_30' title='bbox 311 677 387 734; x_wconf 68' lang='grc'>91.)</span> 
     </span>
    </p>

    <p class='ocr_par' dir='ltr' id='par_1_4' title="bbox 162 749 1023 950">
     <span class='ocr_line' id='line_1_9' title="bbox 162 749 1022 804; baseline -0.003 -12"><span class='ocrx_word' id='word_1_31' title='bbox 162 750 486 792; x_wconf 78' lang='lat' dir='ltr'>Perduelliones</span> <span class='ocrx_word' id='word_1_32' title='bbox 498 749 806 792; x_wconf 87' lang='lat' dir='ltr'>rebellationes</span> <span class='ocrx_word' id='word_1_33' title='bbox 819 763 895 804; x_wconf 88' lang='lat' dir='ltr'>per</span> <span class='ocrx_word' id='word_1_34' title='bbox 908 749 1022 804; x_wconf 85' lang='lat' dir='ltr'>quod</span> 
     </span>
     <span class='ocr_line' id='line_1_10' title="bbox 220 820 1023 864; baseline -0.001 0"><span class='ocrx_word' id='word_1_35' title='bbox 220 823 337 864; x_wconf 85' lang='lat' dir='ltr'>bella</span> <span class='ocrx_word' id='word_1_36' title='bbox 370 822 572 864; x_wconf 89' lang='lat' dir='ltr'>oriuntur</span> <span class='ocrx_word' id='word_1_37' title='bbox 598 822 790 864; x_wconf 86' lang='lat' dir='ltr'>duellum</span> <span class='ocrx_word' id='word_1_38' title='bbox 817 821 932 864; x_wconf 84' lang='lat' dir='ltr'>enim</span> <span class='ocrx_word' id='word_1_39' title='bbox 965 820 1023 863; x_wconf 90' lang='lat' dir='ltr'>di-</span> 
     </span>
     <span class='ocr_line' id='line_1_11' title="bbox 223 890 1022 950; baseline -0.001 -15"><span class='ocrx_word' id='word_1_40' title='bbox 223 894 336 935; x_wconf 84' lang='lat' dir='ltr'>citur</span> <span class='ocrx_word' id='word_1_41' title='bbox 351 893 475 949; x_wconf 88' lang='lat' dir='ltr'>quasi</span> <span class='ocrx_word' id='word_1_42' title='bbox 491 893 675 936; x_wconf 88' lang='lat' dir='ltr'>duorum</span> <span class='ocrx_word' id='word_1_43' title='bbox 690 893 854 935; x_wconf 88' lang='lat' dir='ltr'>bellum</span> <span class='ocrx_word' id='word_1_44' title='bbox 872 890 938 950; x_wconf 82' lang='lat' dir='ltr'>(de</span> <span class='ocrx_word' id='word_1_45' title='bbox 947 890 1022 949; x_wconf 70' lang='lat' dir='ltr'>gd.)</span> 
     </span>
    </p>

    <p class='ocr_par' dir='ltr' id='par_1_5' title="bbox 165 964 1023 1095">
     <span class='ocr_line' id='line_1_12' title="bbox 165 964 1023 1008; baseline -0.001 -2"><span class='ocrx_word' id='word_1_46' title='bbox 165 965 514 1008; x_wconf 73' lang='lat' dir='ltr'>perfunctorium</span> <span class='ocrx_word' id='word_1_47' title='bbox 527 966 710 1008; x_wconf 85' lang='lat' dir='ltr'>uerbum</span> <span class='ocrx_word' id='word_1_48' title='bbox 719 964 1023 1007; x_wconf 86' lang='lat' dir='ltr'>transitorium</span> 
     </span>
     <span class='ocr_line' id='line_1_13' title="bbox 224 1036 591 1095; baseline 0 -16"><span class='ocrx_word' id='word_1_49' title='bbox 224 1040 267 1079; x_wconf 89' lang='lat' dir='ltr'>et</span> <span class='ocrx_word' id='word_1_50' title='bbox 299 1038 393 1079; x_wconf 88' lang='lat' dir='ltr'>leue</span> <span class='ocrx_word' id='word_1_51' title='bbox 429 1036 496 1095; x_wconf 81' lang='lat' dir='ltr'>(de</span> <span class='ocrx_word' id='word_1_52' title='bbox 517 1036 591 1094; x_wconf 71' lang='grc'>91.)</span> 
     </span>
    </p>

    <p class='ocr_par' dir='ltr' id='par_1_6' title="bbox 161 1108 1024 1438">
     <span class='ocr_line' id='line_1_14' title="bbox 161 1108 1022 1152; baseline -0.001 -2"><span class='ocrx_word' id='word_1_53' title='bbox 161 1109 371 1151; x_wconf 87' lang='lat' dir='ltr'>Periodus</span> <span class='ocrx_word' id='word_1_54' title='bbox 423 1110 618 1152; x_wconf 81' lang='lat' dir='ltr'>clausula</span> <span class='ocrx_word' id='word_1_55' title='bbox 670 1110 762 1151; x_wconf 90' lang='lat' dir='ltr'>siue</span> <span class='ocrx_word' id='word_1_56' title='bbox 815 1108 1022 1151; x_wconf 70' lang='lat' dir='ltr'>circuitus</span> 
     </span>
     <span class='ocr_line' id='line_1_15' title="bbox 220 1182 1024 1224; baseline 0 -2"><span class='ocrx_word' id='word_1_57' title='bbox 220 1196 321 1223; x_wconf 88' lang='lat' dir='ltr'>nam</span> <span class='ocrx_word' id='word_1_58' title='bbox 361 1182 456 1224; x_wconf 90' lang='lat' dir='ltr'>cola</span> <span class='ocrx_word' id='word_1_59' title='bbox 494 1185 614 1224; x_wconf 89' lang='lat' dir='ltr'>totus</span> <span class='ocrx_word' id='word_1_60' title='bbox 656 1196 808 1224; x_wconf 87' lang='lat' dir='ltr'>uersus</span> <span class='ocrx_word' id='word_1_61' title='bbox 850 1183 917 1222; x_wconf 89' lang='lat' dir='ltr'>est</span> <span class='ocrx_word' id='word_1_62' title='bbox 959 1195 1024 1222; x_wconf 84' lang='lat' dir='ltr'>co-</span> 
     </span>
     <span class='ocr_line' id='line_1_16' title="bbox 221 1252 1023 1309; baseline -0.001 -15"><span class='ocrx_word' id='word_1_63' title='bbox 221 1256 340 1294; x_wconf 89' lang='lat' dir='ltr'>mata</span> <span class='ocrx_word' id='word_1_64' title='bbox 373 1257 520 1295; x_wconf 87' lang='lat' dir='ltr'>autem</span> <span class='ocrx_word' id='word_1_65' title='bbox 563 1254 654 1309; x_wconf 86' lang='lat' dir='ltr'>ipse</span> <span class='ocrx_word' id='word_1_66' title='bbox 688 1252 922 1295; x_wconf 84' lang='lat' dir='ltr'>incisiones</span> <span class='ocrx_word' id='word_1_67' title='bbox 953 1267 1023 1307; x_wconf 89' lang='lat' dir='ltr'>pe-</span> 
     </span>
     <span class='ocr_line' id='line_1_17' title="bbox 221 1325 1023 1381; baseline 0.002 -16"><span class='ocrx_word' id='word_1_68' title='bbox 221 1325 322 1366; x_wconf 87' lang='lat' dir='ltr'>dum</span> <span class='ocrx_word' id='word_1_69' title='bbox 371 1326 575 1381; x_wconf 87' lang='lat' dir='ltr'>periodus</span> <span class='ocrx_word' id='word_1_70' title='bbox 625 1340 730 1368; x_wconf 88' lang='lat' dir='ltr'>uero</span> <span class='ocrx_word' id='word_1_71' title='bbox 781 1326 877 1367; x_wconf 88' lang='lat' dir='ltr'>tota</span> <span class='ocrx_word' id='word_1_72' title='bbox 932 1339 1023 1367; x_wconf 88' lang='lat' dir='ltr'>sen-</span> 
     </span>
     <span class='ocr_line' id='line_1_18' title="bbox 223 1396 363 1438; baseline 0.007 -1"><span class='ocrx_word' id='word_1_73' title='bbox 223 1396 363 1438; x_wconf 87' lang='lat' dir='ltr'>tentia</span> 
     </span>
    </p>
   </div>
   <div class='ocr_carea' id='block_1_3' title="bbox 127 1467 1023 1524">
    <p class='ocr_par' dir='ltr' id='par_1_7' title="bbox 127 1467 1023 1524">
     <span class='ocr_line' id='line_1_19' title="bbox 127 1467 1023 1524; baseline 0.002 -16"><span class='ocrx_word' id='word_1_74' title='bbox 127 1478 142 1502; x_wconf 79' lang='lat'>5</span> <span class='ocrx_word' id='word_1_75' title='bbox 163 1467 494 1524; x_wconf 88' lang='lat' dir='ltr'>Permulgatum</span> <span class='ocrx_word' id='word_1_76' title='bbox 538 1469 817 1511; x_wconf 23' lang='lat' dir='ltr'>inromnium</span> <span class='ocrx_word' id='word_1_77' title='bbox 861 1469 1023 1511; x_wconf 81' lang='lat' dir='ltr'>notitia</span> 
     </span>
    </p>
   </div>
   <div class='ocr_carea' id='block_1_4' title="bbox 111 2051 142 2076">
    <p class='ocr_par' dir='ltr' id='par_1_8' title="bbox 111 2051 142 2076">
     <span class='ocr_line' id='line_1_20' title="bbox 111 2051 142 2076; baseline 0.032 -1"><span class='ocrx_word' id='word_1_78' title='bbox 111 2051 142 2076; x_wconf 91' lang='grc'>10</span> 
     </span>
    </p>
   </div>
   <div class='ocr_carea' id='block_1_5' title="bbox 161 1539 1026 2461">
    <p class='ocr_par' dir='ltr' id='par_1_9' title="bbox 221 1539 1022 1597">
     <span class='ocr_line' id='line_1_21' title="bbox 221 1539 1022 1597; baseline 0.002 -17"><span class='ocrx_word' id='word_1_79' title='bbox 221 1543 264 1581; x_wconf 89' lang='lat' dir='ltr'>et</span> <span class='ocrx_word' id='word_1_80' title='bbox 297 1539 558 1596; x_wconf 88' lang='lat' dir='ltr'>totiusuulgi</span> <span class='ocrx_word' id='word_1_81' title='bbox 592 1540 821 1583; x_wconf 86' lang='lat' dir='ltr'>intimatus</span> <span class='ocrx_word' id='word_1_82' title='bbox 857 1541 922 1597; x_wconf 79' lang='lat' dir='ltr'>(de</span> <span class='ocrx_word' id='word_1_83' title='bbox 947 1540 1022 1597; x_wconf 71' lang='lat' dir='ltr'>gd.)</span> 
     </span>
    </p>

    <p class='ocr_par' dir='ltr' id='par_1_10' title="bbox 161 1610 925 1669">
     <span class='ocr_line' id='line_1_22' title="bbox 161 1610 925 1669; baseline 0.003 -17"><span class='ocrx_word' id='word_1_84' title='bbox 161 1610 429 1666; x_wconf 87' lang='lat' dir='ltr'>Perpetuare</span> <span class='ocrx_word' id='word_1_85' title='bbox 463 1613 723 1669; x_wconf 85' lang='lat' dir='ltr'>coniungere</span> <span class='ocrx_word' id='word_1_86' title='bbox 757 1610 824 1669; x_wconf 80' lang='lat' dir='ltr'>(de</span> <span class='ocrx_word' id='word_1_87' title='bbox 851 1611 925 1669; x_wconf 72' lang='grc' dir='ltr'>9ῖ.)</span> 
     </span>
    </p>

    <p class='ocr_par' dir='ltr' id='par_1_11' title="bbox 161 1682 1026 1884">
     <span class='ocr_line' id='line_1_23' title="bbox 161 1682 1024 1727; baseline 0.001 -3"><span class='ocrx_word' id='word_1_88' title='bbox 161 1682 306 1726; x_wconf 90' lang='lat' dir='ltr'>Persis</span> <span class='ocrx_word' id='word_1_89' title='bbox 346 1684 502 1726; x_wconf 86' lang='lat' dir='ltr'>mulier</span> <span class='ocrx_word' id='word_1_90' title='bbox 545 1684 819 1727; x_wconf 87' lang='lat' dir='ltr'>nominatibo</span> <span class='ocrx_word' id='word_1_91' title='bbox 866 1684 1024 1727; x_wconf 88' lang='lat' dir='ltr'>dicitur</span> 
     </span>
     <span class='ocr_line' id='line_1_24' title="bbox 221 1754 1026 1813; baseline 0.001 -16"><span class='ocrx_word' id='word_1_92' title='bbox 221 1754 469 1813; x_wconf 73' lang='lat' dir='ltr'>genetibo1)</span> <span class='ocrx_word' id='word_1_93' title='bbox 513 1756 699 1811; x_wconf 88' lang='lat' dir='ltr'>persidis</span> <span class='ocrx_word' id='word_1_94' title='bbox 740 1756 937 1812; x_wconf 88' lang='lat' dir='ltr'>persidos</span> <span class='ocrx_word' id='word_1_95' title='bbox 968 1756 1026 1798; x_wconf 91' lang='lat' dir='ltr'>la-</span> 
     </span>
     <span class='ocr_line' id='line_1_25' title="bbox 219 1827 1026 1884; baseline 0.004 -16"><span class='ocrx_word' id='word_1_96' title='bbox 219 1827 301 1869; x_wconf 89' lang='lat' dir='ltr'>tini</span> <span class='ocrx_word' id='word_1_97' title='bbox 333 1827 413 1869; x_wconf 90' lang='lat' dir='ltr'>hos</span> <span class='ocrx_word' id='word_1_98' title='bbox 455 1831 601 1870; x_wconf 87' lang='lat' dir='ltr'>tamen</span> <span class='ocrx_word' id='word_1_99' title='bbox 633 1828 819 1883; x_wconf 88' lang='lat' dir='ltr'>persidis</span> <span class='ocrx_word' id='word_1_100' title='bbox 859 1828 924 1884; x_wconf 79' lang='lat' dir='ltr'>(de</span> <span class='ocrx_word' id='word_1_101' title='bbox 951 1827 1026 1884; x_wconf 70' lang='lat' dir='ltr'>yl.)</span> 
     </span>
    </p>

    <p class='ocr_par' dir='ltr' id='par_1_12' title="bbox 163 1898 865 1958">
     <span class='ocr_line' id='line_1_26' title="bbox 163 1898 865 1958; baseline 0.004 -18"><span class='ocrx_word' id='word_1_102' title='bbox 163 1899 339 1941; x_wconf 86' lang='lat' dir='ltr'>Persola</span> <span class='ocrx_word' id='word_1_103' title='bbox 371 1900 662 1955; x_wconf 87' lang='lat' dir='ltr'>personabilis</span> <span class='ocrx_word' id='word_1_104' title='bbox 697 1899 764 1958; x_wconf 79' lang='lat' dir='ltr'>(de</span> <span class='ocrx_word' id='word_1_105' title='bbox 790 1898 865 1957; x_wconf 66' lang='lat' dir='ltr'>ql.)</span> 
     </span>
    </p>

    <p class='ocr_par' dir='ltr' id='par_1_13' title="bbox 163 1970 807 2029">
     <span class='ocr_line' id='line_1_27' title="bbox 163 1970 807 2029; baseline 0.003 -17"><span class='ocrx_word' id='word_1_106' title='bbox 163 1970 363 2014; x_wconf 87' lang='lat' dir='ltr'>Persolas</span> <span class='ocrx_word' id='word_1_107' title='bbox 394 1987 604 2028; x_wconf 86' lang='lat' dir='ltr'>personas</span> <span class='ocrx_word' id='word_1_108' title='bbox 638 1971 705 2029; x_wconf 75' lang='lat' dir='ltr'>(de</span> <span class='ocrx_word' id='word_1_109' title='bbox 731 1970 807 2029; x_wconf 60' lang='grc' dir='ltr'>μί.)</span> 
     </span>
    </p>

    <p class='ocr_par' dir='ltr' id='par_1_14' title="bbox 164 2042 1025 2245">
     <span class='ocr_line' id='line_1_28' title="bbox 164 2042 1025 2099; baseline 0.001 -15"><span class='ocrx_word' id='word_1_110' title='bbox 164 2042 344 2086; x_wconf 89' lang='lat' dir='ltr'>Persum</span> <span class='ocrx_word' id='word_1_111' title='bbox 375 2059 465 2086; x_wconf 93' lang='lat' dir='ltr'>non</span> <span class='ocrx_word' id='word_1_112' title='bbox 492 2044 675 2086; x_wconf 86' lang='lat' dir='ltr'>dicimus</span> <span class='ocrx_word' id='word_1_113' title='bbox 703 2044 778 2086; x_wconf 87' lang='lat' dir='ltr'>sed</span> <span class='ocrx_word' id='word_1_114' title='bbox 803 2044 1025 2099; x_wconf 87' lang='lat' dir='ltr'>persicum</span> 
     </span>
     <span class='ocr_line' id='line_1_29' title="bbox 223 2116 1025 2172; baseline 0.001 -15"><span class='ocrx_word' id='word_1_115' title='bbox 223 2118 266 2157; x_wconf 88' lang='lat' dir='ltr'>et</span> <span class='ocrx_word' id='word_1_116' title='bbox 304 2118 371 2157; x_wconf 86' lang='lat' dir='ltr'>est</span> <span class='ocrx_word' id='word_1_117' title='bbox 408 2116 579 2172; x_wconf 90' lang='lat' dir='ltr'>generis</span> <span class='ocrx_word' id='word_1_118' title='bbox 619 2116 817 2157; x_wconf 81' lang='lat' dir='ltr'>feminini</span> <span class='ocrx_word' id='word_1_119' title='bbox 856 2117 1025 2158; x_wconf 84' lang='lat' dir='ltr'>fructus</span> 
     </span>
     <span class='ocr_line' id='line_1_30' title="bbox 223 2185 749 2245; baseline 0.006 -18"><span class='ocrx_word' id='word_1_120' title='bbox 223 2189 370 2229; x_wconf 86' lang='lat' dir='ltr'>autem</span> <span class='ocrx_word' id='word_1_121' title='bbox 400 2187 547 2230; x_wconf 88' lang='lat' dir='ltr'>neutri</span> <span class='ocrx_word' id='word_1_122' title='bbox 579 2185 646 2244; x_wconf 78' lang='lat' dir='ltr'>(de</span> <span class='ocrx_word' id='word_1_123' title='bbox 673 2186 749 2245; x_wconf 68' lang='lat' dir='ltr'>ql.)</span> 
     </span>
    </p>

    <p class='ocr_par' dir='ltr' id='par_1_15' title="bbox 165 2257 1026 2461">
     <span class='ocr_line' id='line_1_31' title="bbox 165 2257 1024 2302; baseline 0.003 -4"><span class='ocrx_word' id='word_1_124' title='bbox 165 2257 248 2299; x_wconf 91' lang='lat' dir='ltr'>Per</span> <span class='ocrx_word' id='word_1_125' title='bbox 292 2258 430 2301; x_wconf 88' lang='lat' dir='ltr'>uitam</span> <span class='ocrx_word' id='word_1_126' title='bbox 476 2259 591 2302; x_wconf 88' lang='lat' dir='ltr'>iurat</span> <span class='ocrx_word' id='word_1_127' title='bbox 642 2260 798 2302; x_wconf 88' lang='lat' dir='ltr'>melius</span> <span class='ocrx_word' id='word_1_128' title='bbox 843 2259 1024 2302; x_wconf 87' lang='lat' dir='ltr'>dicimus</span> 
     </span>
     <span class='ocr_line' id='line_1_32' title="bbox 225 2331 1026 2385; baseline 0.002 -13"><span class='ocrx_word' id='word_1_129' title='bbox 225 2345 355 2385; x_wconf 87' lang='lat' dir='ltr'>quam</span> <span class='ocrx_word' id='word_1_130' title='bbox 391 2331 532 2373; x_wconf 87' lang='lat' dir='ltr'>uitam</span> <span class='ocrx_word' id='word_1_131' title='bbox 569 2331 685 2373; x_wconf 90' lang='lat' dir='ltr'>iurat</span> <span class='ocrx_word' id='word_1_132' title='bbox 724 2335 871 2373; x_wconf 85' lang='lat' dir='ltr'>tamen</span> <span class='ocrx_word' id='word_1_133' title='bbox 909 2332 1026 2374; x_wconf 87' lang='lat' dir='ltr'>iurat</span> 
     </span>
     <span class='ocr_line' id='line_1_33' title="bbox 225 2401 963 2461; baseline 0.005 -19"><span class='ocrx_word' id='word_1_134' title='bbox 225 2401 357 2444; x_wconf 89' lang='lat' dir='ltr'>etiam</span> <span class='ocrx_word' id='word_1_135' title='bbox 391 2403 591 2445; x_wconf 89' lang='lat' dir='ltr'>absolute</span> <span class='ocrx_word' id='word_1_136' title='bbox 623 2403 762 2445; x_wconf 89' lang='lat' dir='ltr'>uitam</span> <span class='ocrx_word' id='word_1_137' title='bbox 794 2401 861 2461; x_wconf 84' lang='lat' dir='ltr'>(de</span> <span class='ocrx_word' id='word_1_138' title='bbox 888 2402 963 2460; x_wconf 76' lang='grc' dir='ltr'>9ῐ.)</span> 
     </span>
    </p>
   </div>
   <div class='ocr_carea' id='block_1_6' title="bbox 164 2506 365 2509">
    <p class='ocr_par' dir='ltr' id='par_1_16' title="bbox 164 2506 365 2509">
     <span class='ocr_line' id='line_1_34' title="bbox 164 2506 365 2509; baseline 0 0"><span class='ocrx_word' id='word_1_139' title='bbox 164 2506 365 2509; x_wconf 95' lang='lat' dir='ltr'> </span> 
     </span>
    </p>
   </div>
   <div class='ocr_carea' id='block_1_7' title="bbox 681 135 1388 172">
    <p class='ocr_par' dir='ltr' id='par_1_17' title="bbox 681 135 1388 172">
     <span class='ocr_line' id='line_1_35' title="bbox 681 135 1388 172; baseline -0.003 -1"><span class='ocrx_word' id='word_1_140' title='bbox 681 136 915 172; x_wconf 81' lang='lat' dir='ltr'><strong>PLACIDVS</strong></span> <span class='ocrx_word' id='word_1_141' title='bbox 941 135 1071 171; x_wconf 81' lang='lat' dir='ltr'><strong>LIBRI</strong></span> <span class='ocrx_word' id='word_1_142' title='bbox 1098 135 1388 171; x_wconf 78' lang='lat' dir='ltr'><strong>GLOSSARVM</strong></span> 
     </span>
    </p>
   </div>
   <div class='ocr_carea' id='block_1_8' title="bbox 1059 241 1924 2457">
    <p class='ocr_par' dir='ltr' id='par_1_18' title="bbox 1059 241 1920 374">
     <span class='ocr_line' id='line_1_36' title="bbox 1059 241 1920 301; baseline -0.001 -14"><span class='ocrx_word' id='word_1_143' title='bbox 1059 245 1303 288; x_wconf 87' lang='lat' dir='ltr'>Piacularia</span> <span class='ocrx_word' id='word_1_144' title='bbox 1319 244 1531 300; x_wconf 86' lang='lat' dir='ltr'>sacrilega</span> <span class='ocrx_word' id='word_1_145' title='bbox 1538 241 1574 301; x_wconf 85' lang='grc'>2)</span> <span class='ocrx_word' id='word_1_146' title='bbox 1587 243 1777 299; x_wconf 86' lang='lat' dir='ltr'>peccatis</span> <span class='ocrx_word' id='word_1_147' title='bbox 1791 243 1920 299; x_wconf 87' lang='lat' dir='ltr'>plena</span> 
     </span>
     <span class='ocr_line' id='line_1_37' title="bbox 1122 315 1286 374; baseline 0 -15"><span class='ocrx_word' id='word_1_148' title='bbox 1122 315 1188 373; x_wconf 79' lang='lat' dir='ltr'>(de</span> <span class='ocrx_word' id='word_1_149' title='bbox 1212 315 1286 374; x_wconf 75' lang='lat' dir='ltr'>yl.)</span> 
     </span>
    </p>

    <p class='ocr_par' dir='ltr' id='par_1_19' title="bbox 1061 385 1919 445">
     <span class='ocr_line' id='line_1_38' title="bbox 1061 385 1919 445; baseline -0.001 -15"><span class='ocrx_word' id='word_1_150' title='bbox 1061 389 1277 432; x_wconf 88' lang='lat' dir='ltr'>Piaculari</span> <span class='ocrx_word' id='word_1_151' title='bbox 1293 403 1398 431; x_wconf 89' lang='lat' dir='ltr'>uoce</span> <span class='ocrx_word' id='word_1_152' title='bbox 1413 388 1633 444; x_wconf 70' lang='lat' dir='ltr'>peccatori</span> <span class='ocrx_word' id='word_1_153' title='bbox 1648 402 1753 430; x_wconf 85' lang='lat' dir='ltr'>uoce</span> <span class='ocrx_word' id='word_1_154' title='bbox 1769 385 1836 445; x_wconf 83' lang='lat' dir='ltr'>(de</span> <span class='ocrx_word' id='word_1_155' title='bbox 1844 385 1919 444; x_wconf 70' lang='lat' dir='ltr'>ql.)</span> 
     </span>
    </p>

    <p class='ocr_par' dir='ltr' id='par_1_20' title="bbox 1062 461 1921 733">
     <span class='ocr_line' id='line_1_39' title="bbox 1062 461 1920 517; baseline -0.001 -15"><span class='ocrx_word' id='word_1_156' title='bbox 1062 461 1288 504; x_wconf 85' lang='lat' dir='ltr'>Piaculum</span> <span class='ocrx_word' id='word_1_157' title='bbox 1324 463 1552 517; x_wconf 84' lang='lat' dir='ltr'>peccatum</span> <span class='ocrx_word' id='word_1_158' title='bbox 1590 474 1739 502; x_wconf 86' lang='lat' dir='ltr'>rursus</span> <span class='ocrx_word' id='word_1_159' title='bbox 1771 461 1815 502; x_wconf 90' lang='lat' dir='ltr'>et</span> <span class='ocrx_word' id='word_1_160' title='bbox 1853 474 1920 501; x_wconf 87' lang='lat' dir='ltr'>sa-</span> 
     </span>
     <span class='ocr_line' id='line_1_40' title="bbox 1122 531 1920 589; baseline -0.004 -13"><span class='ocrx_word' id='word_1_161' title='bbox 1122 548 1243 576; x_wconf 88' lang='lat' dir='ltr'>crum</span> <span class='ocrx_word' id='word_1_162' title='bbox 1263 533 1377 589; x_wconf 86' lang='lat' dir='ltr'>quod</span> <span class='ocrx_word' id='word_1_163' title='bbox 1402 535 1562 588; x_wconf 87' lang='lat' dir='ltr'>purgat</span> <span class='ocrx_word' id='word_1_164' title='bbox 1586 534 1814 588; x_wconf 88' lang='lat' dir='ltr'>peccatum</span> <span class='ocrx_word' id='word_1_165' title='bbox 1833 531 1920 586; x_wconf 90' lang='lat' dir='ltr'>pia-</span> 
     </span>
     <span class='ocr_line' id='line_1_41' title="bbox 1123 603 1921 659; baseline -0.004 -11"><span class='ocrx_word' id='word_1_166' title='bbox 1123 606 1220 648; x_wconf 91' lang='lat' dir='ltr'>cula</span> <span class='ocrx_word' id='word_1_167' title='bbox 1240 606 1442 649; x_wconf 89' lang='lat' dir='ltr'>dicuntur</span> <span class='ocrx_word' id='word_1_168' title='bbox 1462 604 1573 646; x_wconf 88' lang='lat' dir='ltr'>unde</span> <span class='ocrx_word' id='word_1_169' title='bbox 1596 603 1771 659; x_wconf 89' lang='lat' dir='ltr'>quidam</span> <span class='ocrx_word' id='word_1_170' title='bbox 1793 603 1921 646; x_wconf 86' lang='lat' dir='ltr'>sacri-</span> 
     </span>
     <span class='ocr_line' id='line_1_42' title="bbox 1120 675 1602 733; baseline -0.006 -13"><span class='ocrx_word' id='word_1_171' title='bbox 1120 678 1219 720; x_wconf 90' lang='lat' dir='ltr'>ficia</span> <span class='ocrx_word' id='word_1_172' title='bbox 1250 677 1422 733; x_wconf 86' lang='lat' dir='ltr'>piacula</span> <span class='ocrx_word' id='word_1_173' title='bbox 1454 675 1602 718; x_wconf 88' lang='lat' dir='ltr'>dicunt</span> 
     </span>
    </p>

    <p class='ocr_par' dir='ltr' id='par_1_21' title="bbox 1060 746 1922 1079">
     <span class='ocr_line' id='line_1_43' title="bbox 1060 746 1920 805; baseline -0.003 -14"><span class='ocrx_word' id='word_1_174' title='bbox 1060 749 1249 805; x_wconf 78' lang='lat' dir='ltr'>Pignera</span> <span class='ocrx_word' id='word_1_175' title='bbox 1281 752 1324 791; x_wconf 88' lang='lat' dir='ltr'>et</span> <span class='ocrx_word' id='word_1_176' title='bbox 1362 748 1548 805; x_wconf 88' lang='lat' dir='ltr'>pignora</span> <span class='ocrx_word' id='word_1_177' title='bbox 1585 746 1776 789; x_wconf 88' lang='lat' dir='ltr'>filiorum</span> <span class='ocrx_word' id='word_1_178' title='bbox 1817 750 1920 789; x_wconf 91' lang='lat' dir='ltr'>sunt</span> 
     </span>
     <span class='ocr_line' id='line_1_44' title="bbox 1121 819 1922 876; baseline -0.002 -13"><span class='ocrx_word' id='word_1_179' title='bbox 1121 822 1190 863; x_wconf 90' lang='lat' dir='ltr'>uel</span> <span class='ocrx_word' id='word_1_180' title='bbox 1218 821 1452 863; x_wconf 86' lang='lat' dir='ltr'>affectuum</span> <span class='ocrx_word' id='word_1_181' title='bbox 1477 820 1688 862; x_wconf 87' lang='lat' dir='ltr'>interesse</span> <span class='ocrx_word' id='word_1_182' title='bbox 1720 819 1922 876; x_wconf 87' lang='lat' dir='ltr'>pignora-</span> 
     </span>
     <span class='ocr_line' id='line_1_45' title="bbox 1123 892 1921 949; baseline -0.001 -14"><span class='ocrx_word' id='word_1_183' title='bbox 1123 908 1204 948; x_wconf 90' lang='lat' dir='ltr'>que</span> <span class='ocrx_word' id='word_1_184' title='bbox 1268 892 1562 949; x_wconf 88' lang='lat' dir='ltr'>greditoribus</span> <span class='ocrx_word' id='word_1_185' title='bbox 1625 892 1783 933; x_wconf 87' lang='lat' dir='ltr'>dantur</span> <span class='ocrx_word' id='word_1_186' title='bbox 1848 892 1921 934; x_wconf 87' lang='lat' dir='ltr'>sed</span> 
     </span>
     <span class='ocr_line' id='line_1_46' title="bbox 1121 961 1922 1022; baseline -0.004 -15"><span class='ocrx_word' id='word_1_187' title='bbox 1121 969 1308 1020; x_wconf 88' lang='lat' dir='ltr'>utroque</span> <span class='ocrx_word' id='word_1_188' title='bbox 1319 962 1353 1022; x_wconf 81' lang='grc'>3)</span> <span class='ocrx_word' id='word_1_189' title='bbox 1382 961 1507 1020; x_wconf 76' lang='lat' dir='ltr'>que4)</span> <span class='ocrx_word' id='word_1_190' title='bbox 1529 962 1756 1005; x_wconf 82' lang='lat' dir='ltr'>confundit</span> <span class='ocrx_word' id='word_1_191' title='bbox 1777 965 1922 1005; x_wconf 87' lang='lat' dir='ltr'>aucto-</span> 
     </span>
     <span class='ocr_line' id='line_1_47' title="bbox 1123 1036 1440 1079; baseline -0.006 0"><span class='ocrx_word' id='word_1_192' title='bbox 1123 1038 1231 1079; x_wconf 85' lang='lat' dir='ltr'>ritas</span> <span class='ocrx_word' id='word_1_193' title='bbox 1262 1036 1440 1079; x_wconf 87' lang='lat' dir='ltr'>lectoris</span> 
     </span>
    </p>

    <p class='ocr_par' dir='ltr' id='par_1_22' title="bbox 1061 1106 1924 1809">
     <span class='ocr_line' id='line_1_48' title="bbox 1061 1106 1922 1162; baseline -0.003 -11"><span class='ocrx_word' id='word_1_194' title='bbox 1061 1109 1158 1151; x_wconf 87' lang='lat' dir='ltr'>Pila</span> <span class='ocrx_word' id='word_1_195' title='bbox 1202 1109 1238 1151; x_wconf 86' lang='lat' dir='ltr'>si</span> <span class='ocrx_word' id='word_1_196' title='bbox 1282 1108 1428 1150; x_wconf 89' lang='lat' dir='ltr'>breuis</span> <span class='ocrx_word' id='word_1_197' title='bbox 1479 1107 1525 1162; x_wconf 89' lang='lat' dir='ltr'>pi</span> <span class='ocrx_word' id='word_1_198' title='bbox 1577 1106 1734 1149; x_wconf 85' lang='lat' dir='ltr'>sillaba</span> <span class='ocrx_word' id='word_1_199' title='bbox 1780 1106 1922 1149; x_wconf 89' lang='lat' dir='ltr'>omnis</span> 
     </span>
     <span class='ocr_line' id='line_1_49' title="bbox 1120 1178 1923 1235; baseline -0.004 -12"><span class='ocrx_word' id='word_1_200' title='bbox 1120 1181 1369 1224; x_wconf 87' lang='lat' dir='ltr'>rotunditas</span> <span class='ocrx_word' id='word_1_201' title='bbox 1420 1178 1491 1221; x_wconf 90' lang='lat' dir='ltr'>uel</span> <span class='ocrx_word' id='word_1_202' title='bbox 1535 1179 1585 1220; x_wconf 89' lang='lat' dir='ltr'>de</span> <span class='ocrx_word' id='word_1_203' title='bbox 1635 1178 1756 1235; x_wconf 87' lang='lat' dir='ltr'>ligno</span> <span class='ocrx_word' id='word_1_204' title='bbox 1807 1178 1923 1221; x_wconf 86' lang='lat' dir='ltr'>facta</span> 
     </span>
     <span class='ocr_line' id='line_1_50' title="bbox 1123 1249 1923 1309; baseline -0.005 -13"><span class='ocrx_word' id='word_1_205' title='bbox 1123 1269 1207 1309; x_wconf 87' lang='lat' dir='ltr'>qua</span> <span class='ocrx_word' id='word_1_206' title='bbox 1251 1252 1375 1308; x_wconf 89' lang='lat' dir='ltr'>pueri</span> <span class='ocrx_word' id='word_1_207' title='bbox 1418 1252 1465 1293; x_wconf 94' lang='lat' dir='ltr'>in</span> <span class='ocrx_word' id='word_1_208' title='bbox 1503 1249 1648 1293; x_wconf 87' lang='lat' dir='ltr'>triuiis</span> <span class='ocrx_word' id='word_1_209' title='bbox 1690 1250 1846 1292; x_wconf 88' lang='lat' dir='ltr'>ludunt</span> <span class='ocrx_word' id='word_1_210' title='bbox 1886 1251 1923 1293; x_wconf 91' lang='lat' dir='ltr'>si</span> 
     </span>
     <span class='ocr_line' id='line_1_51' title="bbox 1121 1321 1924 1381; baseline -0.002 -14"><span class='ocrx_word' id='word_1_211' title='bbox 1121 1325 1166 1381; x_wconf 94' lang='lat' dir='ltr'>pi</span> <span class='ocrx_word' id='word_1_212' title='bbox 1193 1321 1370 1381; x_wconf 77' lang='lat' dir='ltr'>longa5)</span> <span class='ocrx_word' id='word_1_213' title='bbox 1398 1326 1464 1366; x_wconf 90' lang='lat' dir='ltr'>est</span> <span class='ocrx_word' id='word_1_214' title='bbox 1490 1322 1580 1378; x_wconf 87' lang='lat' dir='ltr'>pila</span> <span class='ocrx_word' id='word_1_215' title='bbox 1606 1322 1810 1364; x_wconf 84' lang='lat' dir='ltr'>dicuntur</span> <span class='ocrx_word' id='word_1_216' title='bbox 1835 1322 1924 1365; x_wconf 87' lang='lat' dir='ltr'>tela</span> 
     </span>
     <span class='ocr_line' id='line_1_52' title="bbox 1121 1394 1924 1453; baseline -0.005 -14"><span class='ocrx_word' id='word_1_217' title='bbox 1121 1397 1302 1453; x_wconf 78' lang='lat' dir='ltr'>grandia</span> <span class='ocrx_word' id='word_1_218' title='bbox 1341 1396 1387 1438; x_wconf 90' lang='lat' dir='ltr'>in</span> <span class='ocrx_word' id='word_1_219' title='bbox 1418 1395 1533 1438; x_wconf 88' lang='lat' dir='ltr'>bello</span> <span class='ocrx_word' id='word_1_220' title='bbox 1566 1394 1812 1437; x_wconf 86' lang='lat' dir='ltr'>necessaria</span> <span class='ocrx_word' id='word_1_221' title='bbox 1853 1409 1924 1451; x_wconf 92' lang='lat' dir='ltr'>ge-</span> 
     </span>
     <span class='ocr_line' id='line_1_53' title="bbox 1119 1465 1924 1520; baseline -0.002 -10"><span class='ocrx_word' id='word_1_222' title='bbox 1119 1468 1235 1511; x_wconf 88' lang='lat' dir='ltr'>neris</span> <span class='ocrx_word' id='word_1_223' title='bbox 1273 1483 1327 1510; x_wconf 91' lang='lat' dir='ltr'>ne</span> <span class='ocrx_word' id='word_1_224' title='bbox 1366 1467 1454 1509; x_wconf 87' lang='lat' dir='ltr'>utri</span> <span class='ocrx_word' id='word_1_225' title='bbox 1492 1469 1541 1508; x_wconf 91' lang='lat' dir='ltr'>ut</span> <span class='ocrx_word' id='word_1_226' title='bbox 1579 1466 1658 1508; x_wconf 87' lang='lat' dir='ltr'>hec</span> <span class='ocrx_word' id='word_1_227' title='bbox 1703 1465 1842 1520; x_wconf 86' lang='lat' dir='ltr'>pilum</span> <span class='ocrx_word' id='word_1_228' title='bbox 1881 1469 1924 1508; x_wconf 88' lang='lat' dir='ltr'>et</span> 
     </span>
     <span class='ocr_line' id='line_1_54' title="bbox 1119 1536 1922 1595; baseline -0.006 -12"><span class='ocrx_word' id='word_1_229' title='bbox 1119 1541 1199 1583; x_wconf 87' lang='lat' dir='ltr'>hec</span> <span class='ocrx_word' id='word_1_230' title='bbox 1249 1540 1339 1595; x_wconf 87' lang='lat' dir='ltr'>pila</span> <span class='ocrx_word' id='word_1_231' title='bbox 1388 1539 1495 1581; x_wconf 88' lang='lat' dir='ltr'>item</span> <span class='ocrx_word' id='word_1_232' title='bbox 1545 1538 1682 1593; x_wconf 87' lang='lat' dir='ltr'>pilam</span> <span class='ocrx_word' id='word_1_233' title='bbox 1739 1536 1922 1579; x_wconf 87' lang='lat' dir='ltr'>dicimus</span> 
     </span>
     <span class='ocr_line' id='line_1_55' title="bbox 1121 1609 1922 1669; baseline -0.004 -15"><span class='ocrx_word' id='word_1_234' title='bbox 1121 1627 1276 1669; x_wconf 87' lang='lat' dir='ltr'>genere</span> <span class='ocrx_word' id='word_1_235' title='bbox 1321 1610 1559 1653; x_wconf 84' lang='lat' dir='ltr'>foeminino</span> <span class='ocrx_word' id='word_1_236' title='bbox 1604 1609 1684 1651; x_wconf 88' lang='lat' dir='ltr'>hec</span> <span class='ocrx_word' id='word_1_237' title='bbox 1728 1609 1817 1665; x_wconf 90' lang='lat' dir='ltr'>pila</span> <span class='ocrx_word' id='word_1_238' title='bbox 1856 1624 1922 1652; x_wconf 87' lang='lat' dir='ltr'>su-</span> 
     </span>
     <span class='ocr_line' id='line_1_56' title="bbox 1124 1681 1923 1726; baseline -0.005 1"><span class='ocrx_word' id='word_1_239' title='bbox 1124 1683 1416 1726; x_wconf 87' lang='lat' dir='ltr'>stentaculum</span> <span class='ocrx_word' id='word_1_240' title='bbox 1466 1682 1618 1724; x_wconf 88' lang='lat' dir='ltr'>domus</span> <span class='ocrx_word' id='word_1_241' title='bbox 1664 1683 1740 1723; x_wconf 89' lang='lat' dir='ltr'>aut</span> <span class='ocrx_word' id='word_1_242' title='bbox 1785 1681 1923 1724; x_wconf 92' lang='lat' dir='ltr'>cuius-</span> 
     </span>
     <span class='ocr_line' id='line_1_57' title="bbox 1123 1755 1422 1809; baseline -0.007 -11"><span class='ocrx_word' id='word_1_243' title='bbox 1123 1756 1232 1798; x_wconf 82' lang='lat' dir='ltr'>libet</span> <span class='ocrx_word' id='word_1_244' title='bbox 1265 1755 1422 1809; x_wconf 69' lang='lat' dir='ltr'>edificii</span> 
     </span>
    </p>

    <p class='ocr_par' dir='ltr' id='par_1_23' title="bbox 1066 1825 1922 2098">
     <span class='ocr_line' id='line_1_58' title="bbox 1066 1825 1920 1881; baseline -0.006 -10"><span class='ocrx_word' id='word_1_245' title='bbox 1066 1829 1279 1871; x_wconf 88' lang='lat' dir='ltr'>Pinnaces</span> <span class='ocrx_word' id='word_1_246' title='bbox 1312 1827 1514 1869; x_wconf 89' lang='lat' dir='ltr'>dicuntur</span> <span class='ocrx_word' id='word_1_247' title='bbox 1546 1825 1773 1881; x_wconf 80' lang='lat' dir='ltr'>ymagines</span> <span class='ocrx_word' id='word_1_248' title='bbox 1812 1825 1920 1867; x_wconf 88' lang='lat' dir='ltr'>mire</span> 
     </span>
     <span class='ocr_line' id='line_1_59' title="bbox 1125 1897 1921 1956; baseline -0.004 -14"><span class='ocrx_word' id='word_1_249' title='bbox 1125 1900 1294 1956; x_wconf 90' lang='lat' dir='ltr'>depicte</span> <span class='ocrx_word' id='word_1_250' title='bbox 1321 1899 1364 1940; x_wconf 90' lang='lat' dir='ltr'>id</span> <span class='ocrx_word' id='word_1_251' title='bbox 1385 1901 1452 1941; x_wconf 89' lang='lat' dir='ltr'>est</span> <span class='ocrx_word' id='word_1_252' title='bbox 1478 1897 1626 1940; x_wconf 87' lang='lat' dir='ltr'>tabule</span> <span class='ocrx_word' id='word_1_253' title='bbox 1654 1912 1921 1940; x_wconf 84' lang='lat' dir='ltr'>marmoreae</span> 
     </span>
     <span class='ocr_line' id='line_1_60' title="bbox 1126 1970 1922 2028; baseline -0.006 -14"><span class='ocrx_word' id='word_1_254' title='bbox 1126 1971 1299 2028; x_wconf 88' lang='lat' dir='ltr'>equales</span> <span class='ocrx_word' id='word_1_255' title='bbox 1333 1971 1422 2013; x_wconf 88' lang='lat' dir='ltr'>sint</span> <span class='ocrx_word' id='word_1_256' title='bbox 1454 1970 1629 2025; x_wconf 84' lang='lat' dir='ltr'>pinaces</span> <span class='ocrx_word' id='word_1_257' title='bbox 1663 1982 1823 2024; x_wconf 88' lang='lat' dir='ltr'>genera</span> <span class='ocrx_word' id='word_1_258' title='bbox 1851 1984 1922 2010; x_wconf 92' lang='lat' dir='ltr'>ua-</span> 
     </span>
     <span class='ocr_line' id='line_1_61' title="bbox 1125 2038 1608 2098; baseline -0.008 -12"><span class='ocrx_word' id='word_1_259' title='bbox 1125 2058 1273 2086; x_wconf 87' lang='lat' dir='ltr'>sorum</span> <span class='ocrx_word' id='word_1_260' title='bbox 1305 2044 1407 2085; x_wconf 87' lang='lat' dir='ltr'>sunt</span> <span class='ocrx_word' id='word_1_261' title='bbox 1439 2039 1506 2098; x_wconf 81' lang='lat' dir='ltr'>(de</span> <span class='ocrx_word' id='word_1_262' title='bbox 1533 2038 1608 2097; x_wconf 59' lang='grc' dir='ltr'>φῖ.)</span> 
     </span>
    </p>

    <p class='ocr_par' dir='ltr' id='par_1_24' title="bbox 1064 2112 1921 2242">
     <span class='ocr_line' id='line_1_62' title="bbox 1064 2112 1921 2169; baseline -0.006 -10"><span class='ocrx_word' id='word_1_263' title='bbox 1064 2117 1249 2159; x_wconf 87' lang='lat' dir='ltr'>Pinnate</span> <span class='ocrx_word' id='word_1_264' title='bbox 1298 2113 1539 2169; x_wconf 83' lang='lat' dir='ltr'>crepidines</span> <span class='ocrx_word' id='word_1_265' title='bbox 1585 2112 1744 2154; x_wconf 87' lang='lat' dir='ltr'>celeres</span> <span class='ocrx_word' id='word_1_266' title='bbox 1794 2113 1921 2155; x_wconf 89' lang='lat' dir='ltr'>ualde</span> 
     </span>
     <span class='ocr_line' id='line_1_63' title="bbox 1123 2182 1575 2242; baseline -0.007 -13"><span class='ocrx_word' id='word_1_267' title='bbox 1123 2190 1167 2229; x_wconf 85' lang='lat' dir='ltr'>et</span> <span class='ocrx_word' id='word_1_268' title='bbox 1198 2186 1370 2228; x_wconf 90' lang='lat' dir='ltr'>ueloces</span> <span class='ocrx_word' id='word_1_269' title='bbox 1406 2183 1472 2242; x_wconf 73' lang='lat' dir='ltr'>(cle</span> <span class='ocrx_word' id='word_1_270' title='bbox 1499 2182 1575 2241; x_wconf 57' lang='grc' dir='ltr'>φῖ.)</span> 
     </span>
    </p>

    <p class='ocr_par' dir='ltr' id='par_1_25' title="bbox 1062 2256 1922 2457">
     <span class='ocr_line' id='line_1_64' title="bbox 1062 2256 1922 2313; baseline -0.003 -12"><span class='ocrx_word' id='word_1_271' title='bbox 1062 2259 1247 2301; x_wconf 89' lang='lat' dir='ltr'>Pinnate</span> <span class='ocrx_word' id='word_1_272' title='bbox 1279 2258 1408 2313; x_wconf 86' lang='lat' dir='ltr'>plage</span> <span class='ocrx_word' id='word_1_273' title='bbox 1447 2257 1575 2312; x_wconf 90' lang='lat' dir='ltr'>plage</span> <span class='ocrx_word' id='word_1_274' title='bbox 1608 2259 1711 2298; x_wconf 87' lang='lat' dir='ltr'>sunt</span> <span class='ocrx_word' id='word_1_275' title='bbox 1745 2256 1922 2300; x_wconf 83' lang='lat' dir='ltr'>uincula</span> 
     </span>
     <span class='ocr_line' id='line_1_65' title="bbox 1123 2328 1922 2385; baseline -0.001 -13"><span class='ocrx_word' id='word_1_276' title='bbox 1123 2329 1332 2372; x_wconf 89' lang='lat' dir='ltr'>retiarum</span> <span class='ocrx_word' id='word_1_277' title='bbox 1359 2328 1550 2370; x_wconf 83' lang='lat' dir='ltr'>extensis</span> <span class='ocrx_word' id='word_1_278' title='bbox 1578 2343 1659 2383; x_wconf 90' lang='lat' dir='ltr'>que</span> <span class='ocrx_word' id='word_1_279' title='bbox 1687 2328 1810 2371; x_wconf 86' lang='lat' dir='ltr'>funes</span> <span class='ocrx_word' id='word_1_280' title='bbox 1832 2329 1922 2385; x_wconf 88' lang='lat' dir='ltr'>qui-</span> 
     </span>
     <span class='ocr_line' id='line_1_66' title="bbox 1122 2399 1920 2457; baseline -0.003 -13"><span class='ocrx_word' id='word_1_281' title='bbox 1122 2403 1203 2444; x_wconf 88' lang='lat' dir='ltr'>bus</span> <span class='ocrx_word' id='word_1_282' title='bbox 1243 2401 1475 2456; x_wconf 86' lang='lat' dir='ltr'>capiuntur</span> <span class='ocrx_word' id='word_1_283' title='bbox 1513 2402 1708 2457; x_wconf 88' lang='lat' dir='ltr'>agrestes</span> <span class='ocrx_word' id='word_1_284' title='bbox 1747 2399 1836 2444; x_wconf 85' lang='lat' dir='ltr'>fere</span> <span class='ocrx_word' id='word_1_285' title='bbox 1875 2400 1920 2442; x_wconf 86' lang='lat' dir='ltr'>in</span> 
     </span>
    </p>
   </div>
   <div class='ocr_carea' id='block_1_9' title="bbox 262 2565 1922 2614">
    <p class='ocr_par' dir='ltr' id='par_1_26' title="bbox 262 2565 1922 2614">
     <span class='ocr_line' id='line_1_67' title="bbox 262 2565 1922 2614; baseline -0.001 -12"><span class='ocrx_word' id='word_1_286' title='bbox 262 2568 295 2612; x_wconf 91' lang='lat' dir='ltr'>l)</span> <span class='ocrx_word' id='word_1_287' title='bbox 316 2571 449 2612; x_wconf 76' lang='lat' dir='ltr'>poster.</span> <span class='ocrx_word' id='word_1_288' title='bbox 476 2578 496 2602; x_wconf 90' lang='lat' dir='ltr'>e</span> <span class='ocrx_word' id='word_1_289' title='bbox 521 2579 549 2604; x_wconf 83' lang='lat' dir='ltr'>s.</span> <span class='ocrx_word' id='word_1_290' title='bbox 574 2579 642 2604; x_wconf 73' lang='lat' dir='ltr'>scr.</span> <span class='ocrx_word' id='word_1_291' title='bbox 667 2580 712 2603; x_wconf 84' lang='lat' dir='ltr'>m.</span> <span class='ocrx_word' id='word_1_292' title='bbox 728 2572 753 2603; x_wconf 76' lang='lat'><em>2</em></span> <span class='ocrx_word' id='word_1_293' title='bbox 784 2569 796 2613; x_wconf 77' lang='grc'>11</span> <span class='ocrx_word' id='word_1_294' title='bbox 827 2569 863 2614; x_wconf 79' lang='grc'>2)</span> <span class='ocrx_word' id='word_1_295' title='bbox 889 2567 901 2602; x_wconf 93' lang='lat' dir='ltr'>i</span> <span class='ocrx_word' id='word_1_296' title='bbox 926 2580 1017 2605; x_wconf 76' lang='lat' dir='ltr'>eras.</span> <span class='ocrx_word' id='word_1_297' title='bbox 1040 2572 1125 2614; x_wconf 76' lang='lat' dir='ltr'>post</span> <span class='ocrx_word' id='word_1_298' title='bbox 1150 2578 1175 2614; x_wconf 86' lang='lat' dir='ltr'>g</span> <span class='ocrx_word' id='word_1_299' title='bbox 1199 2568 1210 2611; x_wconf 87' lang='grc' dir='ltr'>ΙΙ</span> <span class='ocrx_word' id='word_1_300' title='bbox 1242 2569 1277 2610; x_wconf 91' lang='grc'>3)</span> <span class='ocrx_word' id='word_1_301' title='bbox 1305 2577 1326 2601; x_wconf 93' lang='lat' dir='ltr'>o</span> <span class='ocrx_word' id='word_1_302' title='bbox 1352 2566 1394 2600; x_wconf 75' lang='lat' dir='ltr'>in</span> <span class='ocrx_word' id='word_1_303' title='bbox 1422 2577 1464 2601; x_wconf 87' lang='lat' dir='ltr'>as</span> <span class='ocrx_word' id='word_1_304' title='bbox 1490 2577 1535 2601; x_wconf 84' lang='lat' dir='ltr'>m.</span> <span class='ocrx_word' id='word_1_305' title='bbox 1551 2569 1576 2601; x_wconf 79' lang='lat'><em>2</em></span> <span class='ocrx_word' id='word_1_306' title='bbox 1603 2567 1615 2611; x_wconf 79' lang='grc' dir='ltr'>ΙΙ</span> <span class='ocrx_word' id='word_1_307' title='bbox 1646 2566 1682 2610; x_wconf 90' lang='grc'>4)</span> <span class='ocrx_word' id='word_1_308' title='bbox 1709 2565 1777 2601; x_wconf 78' lang='lat' dir='ltr'>dez.</span> <span class='ocrx_word' id='word_1_309' title='bbox 1802 2568 1886 2601; x_wconf 72' lang='lat' dir='ltr'>m.,2</span> <span class='ocrx_word' id='word_1_310' title='bbox 1910 2565 1922 2611; x_wconf 80' lang='grc' dir='ltr'>Η</span> 
     </span>
    </p>
   </div>
   <div class='ocr_carea' id='block_1_10' title="bbox 166 2627 592 2672">
    <p class='ocr_par' dir='ltr' id='par_1_27' title="bbox 166 2627 592 2672">
     <span class='ocr_line' id='line_1_68' title="bbox 166 2627 592 2672; baseline 0.009 -13"><span class='ocrx_word' id='word_1_311' title='bbox 166 2628 201 2659; x_wconf 72' lang='grc'>5)</span> <span class='ocrx_word' id='word_1_312' title='bbox 229 2633 277 2661; x_wconf 87' lang='lat' dir='ltr'>on</span> <span class='ocrx_word' id='word_1_313' title='bbox 302 2627 344 2661; x_wconf 75' lang='lat' dir='ltr'>in</span> <span class='ocrx_word' id='word_1_314' title='bbox 368 2638 442 2662; x_wconf 74' lang='lat' dir='ltr'>ras.</span> <span class='ocrx_word' id='word_1_315' title='bbox 468 2639 513 2663; x_wconf 83' lang='lat' dir='ltr'>m.</span> <span class='ocrx_word' id='word_1_316' title='bbox 531 2630 550 2662; x_wconf 92' lang='lat'><em>1</em></span> <span class='ocrx_word' id='word_1_317' title='bbox 580 2628 592 2672; x_wconf 83' lang='grc' dir='ltr'>ΙΙ</span> 
     </span>
    </p>
   </div>
   <div class='ocr_carea' id='block_1_11' title="bbox 1943 758 1975 784">
    <p class='ocr_par' dir='ltr' id='par_1_28' title="bbox 1943 758 1975 784">
     <span class='ocr_line' id='line_1_69' title="bbox 1943 758 1975 784; baseline 0.031 -1"><span class='ocrx_word' id='word_1_318' title='bbox 1943 758 1975 784; x_wconf 83' lang='grc'>15</span> 
     </span>
    </p>
   </div>
   <div class='ocr_carea' id='block_1_12' title="bbox 166 2767 1995 2815">
    <p class='ocr_par' dir='ltr' id='par_1_29' title="bbox 166 2767 1995 2815">
     <span class='ocr_line' id='line_1_70' title="bbox 166 2767 1995 2815; baseline -0.001 -11"><span class='ocrx_word' id='word_1_319' title='bbox 166 2770 398 2814; x_wconf 71' lang='lat' dir='ltr'>introducit}</span> <span class='ocrx_word' id='word_1_320' title='bbox 428 2769 550 2805; x_wconf 85' lang='lat' dir='ltr'>acillis</span> <span class='ocrx_word' id='word_1_321' title='bbox 579 2782 621 2805; x_wconf 83' lang='lat' dir='ltr'>m.</span> <span class='ocrx_word' id='word_1_322' title='bbox 637 2774 669 2815; x_wconf 92' lang='lat'>1,</span> <span class='ocrx_word' id='word_1_323' title='bbox 697 2769 846 2805; x_wconf 83' lang='lat' dir='ltr'>achillis</span> <span class='ocrx_word' id='word_1_324' title='bbox 873 2773 955 2805; x_wconf 79' lang='lat' dir='ltr'>m.5</span> <span class='ocrx_word' id='word_1_325' title='bbox 986 2772 997 2815; x_wconf 84' lang='grc' dir='ltr'>ΙΙ</span> <span class='ocrx_word' id='word_1_326' title='bbox 1030 2773 1060 2805; x_wconf 90' lang='grc'>1.</span> <span class='ocrx_word' id='word_1_327' title='bbox 1087 2768 1293 2814; x_wconf 81' lang='lat' dir='ltr'>Percellitl</span> <span class='ocrx_word' id='word_1_328' title='bbox 1325 2779 1435 2814; x_wconf 90' lang='lat' dir='ltr'>quem</span> <span class='ocrx_word' id='word_1_329' title='bbox 1459 2767 1636 2814; x_wconf 87' lang='lat' dir='ltr'>procellit</span> <span class='ocrx_word' id='word_1_330' title='bbox 1666 2769 1678 2813; x_wconf 84' lang='grc' dir='ltr'>ΙΙ</span> <span class='ocrx_word' id='word_1_331' title='bbox 1710 2771 1741 2802; x_wconf 91' lang='lat'>3.</span> <span class='ocrx_word' id='word_1_332' title='bbox 1768 2767 1851 2802; x_wconf 89' lang='lat' dir='ltr'>leue</span> <span class='ocrx_word' id='word_1_333' title='bbox 1876 2779 1921 2803; x_wconf 76' lang='lat' dir='ltr'>eoe</span> <span class='ocrx_word' id='word_1_334' title='bbox 1990 2784 1995 2789; x_wconf 91' lang='lat'><strong>·</strong></span> 
     </span>
    </p>
   </div>
   <div class='ocr_carea' id='block_1_13' title="bbox 166 2826 1920 3173">
    <p class='ocr_par' dir='ltr' id='par_1_30' title="bbox 166 2826 1920 3173">
     <span class='ocr_line' id='line_1_71' title="bbox 166 2826 1919 2876; baseline -0.001 -14"><span class='ocrx_word' id='word_1_335' title='bbox 166 2829 249 2863; x_wconf 85' lang='lat' dir='ltr'>lebe</span> <span class='ocrx_word' id='word_1_336' title='bbox 276 2840 366 2865; x_wconf 71' lang='lat' dir='ltr'>corr.</span> <span class='ocrx_word' id='word_1_337' title='bbox 400 2832 411 2876; x_wconf 80' lang='grc' dir='ltr'>ΙΙ</span> <span class='ocrx_word' id='word_1_338' title='bbox 444 2833 476 2863; x_wconf 82' lang='lat'>4.</span> <span class='ocrx_word' id='word_1_339' title='bbox 504 2831 653 2865; x_wconf 84' lang='lat' dir='ltr'>comata</span> <span class='ocrx_word' id='word_1_340' title='bbox 678 2842 722 2866; x_wconf 77' lang='lat' dir='ltr'>ex</span> <span class='ocrx_word' id='word_1_341' title='bbox 748 2830 935 2865; x_wconf 86' lang='lat' dir='ltr'>commata</span> <span class='ocrx_word' id='word_1_342' title='bbox 961 2841 1052 2865; x_wconf 77' lang='lat' dir='ltr'>corr.</span> <span class='ocrx_word' id='word_1_343' title='bbox 1085 2830 1096 2873; x_wconf 81' lang='grc' dir='ltr'>ΙΙ</span> <span class='ocrx_word' id='word_1_344' title='bbox 1129 2833 1159 2864; x_wconf 81' lang='grc'>5.</span> <span class='ocrx_word' id='word_1_345' title='bbox 1187 2828 1293 2863; x_wconf 86' lang='lat' dir='ltr'>notia</span> <span class='ocrx_word' id='word_1_346' title='bbox 1325 2829 1337 2873; x_wconf 83' lang='grc' dir='ltr'>ΙΙ</span> <span class='ocrx_word' id='word_1_347' title='bbox 1369 2832 1399 2863; x_wconf 89' lang='grc'>6.</span> <span class='ocrx_word' id='word_1_348' title='bbox 1426 2826 1510 2862; x_wconf 90' lang='lat' dir='ltr'>isid.</span> <span class='ocrx_word' id='word_1_349' title='bbox 1537 2828 1614 2863; x_wconf 81' lang='lat' dir='ltr'>cod.</span> <span class='ocrx_word' id='word_1_350' title='bbox 1647 2829 1658 2873; x_wconf 88' lang='grc' dir='ltr'>ΙΙ</span> <span class='ocrx_word' id='word_1_351' title='bbox 1691 2832 1721 2863; x_wconf 84' lang='lat'>7.</span> <span class='ocrx_word' id='word_1_352' title='bbox 1748 2826 1919 2873; x_wconf 88' lang='lat' dir='ltr'>prosidos</span> 
     </span>
     <span class='ocr_line' id='line_1_72' title="bbox 169 2886 1920 2935; baseline -0.001 -13"><span class='ocrx_word' id='word_1_353' title='bbox 169 2900 210 2923; x_wconf 80' lang='lat' dir='ltr'>m.</span> <span class='ocrx_word' id='word_1_354' title='bbox 233 2893 259 2932; x_wconf 83' lang='lat' dir='ltr'>l,</span> <span class='ocrx_word' id='word_1_355' title='bbox 292 2888 460 2933; x_wconf 79' lang='lat' dir='ltr'>persidos</span> <span class='ocrx_word' id='word_1_356' title='bbox 487 2893 569 2925; x_wconf 80' lang='lat' dir='ltr'>m.4</span> <span class='ocrx_word' id='word_1_357' title='bbox 607 2890 618 2934; x_wconf 78' lang='grc' dir='ltr'>Η</span> <span class='ocrx_word' id='word_1_358' title='bbox 657 2893 711 2925; x_wconf 86' lang='lat'>10.</span> <span class='ocrx_word' id='word_1_359' title='bbox 745 2889 934 2935; x_wconf 83' lang='lat' dir='ltr'>prosicum</span> <span class='ocrx_word' id='word_1_360' title='bbox 958 2901 1003 2925; x_wconf 83' lang='lat' dir='ltr'>m.</span> <span class='ocrx_word' id='word_1_361' title='bbox 1020 2892 1053 2933; x_wconf 86' lang='lat'>1,</span> <span class='ocrx_word' id='word_1_362' title='bbox 1089 2887 1275 2934; x_wconf 83' lang='lat' dir='ltr'>persicum</span> <span class='ocrx_word' id='word_1_363' title='bbox 1301 2891 1384 2923; x_wconf 81' lang='lat' dir='ltr'>m.4</span> <span class='ocrx_word' id='word_1_364' title='bbox 1418 2888 1422 2931; x_wconf 92' lang='grc' dir='ltr'>Ι</span> <span class='ocrx_word' id='word_1_365' title='bbox 1456 2886 1587 2922; x_wconf 83' lang='lat' dir='ltr'>femini</span> <span class='ocrx_word' id='word_1_366' title='bbox 1622 2888 1634 2932; x_wconf 83' lang='grc' dir='ltr'>ΙΙ</span> <span class='ocrx_word' id='word_1_367' title='bbox 1672 2890 1726 2922; x_wconf 86' lang='grc'>13.</span> <span class='ocrx_word' id='word_1_368' title='bbox 1753 2886 1920 2933; x_wconf 84' lang='lat' dir='ltr'>peccatri</span> 
     </span>
     <span class='ocr_line' id='line_1_73' title="bbox 169 2946 1911 2996; baseline 0 -14"><span class='ocrx_word' id='word_1_369' title='bbox 169 2960 212 2982; x_wconf 83' lang='lat' dir='ltr'>m.</span> <span class='ocrx_word' id='word_1_370' title='bbox 229 2953 261 2991; x_wconf 81' lang='lat' dir='ltr'>l,</span> <span class='ocrx_word' id='word_1_371' title='bbox 288 2948 491 2993; x_wconf 69' lang='lat' dir='ltr'>1›e(·,11·at1·i‹fi</span> <span class='ocrx_word' id='word_1_372' title='bbox 517 2962 561 2984; x_wconf 82' lang='lat' dir='ltr'>m.</span> <span class='ocrx_word' id='word_1_373' title='bbox 577 2953 598 2984; x_wconf 83' lang='lat'><em>4</em></span> <span class='ocrx_word' id='word_1_374' title='bbox 618 2950 705 2994; x_wconf 64' lang='lat' dir='ltr'>ll14.</span> <span class='ocrx_word' id='word_1_375' title='bbox 732 2950 871 2996; x_wconf 86' lang='lat' dir='ltr'>purgat</span> <span class='ocrx_word' id='word_1_376' title='bbox 895 2949 1118 2995; x_wconf 82' lang='lat' dir='ltr'>ppeccatum</span> <span class='ocrx_word' id='word_1_377' title='bbox 1141 2951 1145 2992; x_wconf 78' lang='grc' dir='ltr'>Ι</span> <span class='ocrx_word' id='word_1_378' title='bbox 1168 2947 1320 2993; x_wconf 85' lang='lat' dir='ltr'>quidem</span> <span class='ocrx_word' id='word_1_379' title='bbox 1343 2949 1348 2992; x_wconf 88' lang='lat' dir='ltr'>l</span> <span class='ocrx_word' id='word_1_380' title='bbox 1370 2946 1545 2981; x_wconf 84' lang='lat' dir='ltr'>dicuntur</span> <span class='ocrx_word' id='word_1_381' title='bbox 1570 2958 1614 2982; x_wconf 71' lang='lat' dir='ltr'>ea:</span> <span class='ocrx_word' id='word_1_382' title='bbox 1640 2946 1770 2981; x_wconf 81' lang='lat' dir='ltr'>dicunt</span> <span class='ocrx_word' id='word_1_383' title='bbox 1794 2958 1885 2982; x_wconf 75' lang='lat' dir='ltr'>corr.</span> <span class='ocrx_word' id='word_1_384' title='bbox 1910 2947 1911 2990; x_wconf 79' lang='lat' dir='ltr'><strong>j</strong></span> 
     </span>
     <span class='ocr_line' id='line_1_74' title="bbox 169 3005 1920 3053; baseline -0.001 -13"><span class='ocrx_word' id='word_1_385' title='bbox 169 3010 223 3042; x_wconf 84' lang='lat'>15.</span> <span class='ocrx_word' id='word_1_386' title='bbox 251 3006 504 3051; x_wconf 84' lang='lat' dir='ltr'>greditoribus</span> <span class='ocrx_word' id='word_1_387' title='bbox 531 3021 575 3044; x_wconf 80' lang='lat' dir='ltr'>m.</span> <span class='ocrx_word' id='word_1_388' title='bbox 591 3013 624 3053; x_wconf 83' lang='lat'>1,</span> <span class='ocrx_word' id='word_1_389' title='bbox 651 3008 900 3044; x_wconf 84' lang='lat' dir='ltr'>creditoribus</span> <span class='ocrx_word' id='word_1_390' title='bbox 926 3021 971 3045; x_wconf 82' lang='lat' dir='ltr'>m.</span> <span class='ocrx_word' id='word_1_391' title='bbox 987 3012 1008 3043; x_wconf 78' lang='lat'><strong><em>4</em></strong></span> <span class='ocrx_word' id='word_1_392' title='bbox 1037 3011 1041 3052; x_wconf 91' lang='grc'>1</span> <span class='ocrx_word' id='word_1_393' title='bbox 1076 3009 1253 3052; x_wconf 81' lang='lat' dir='ltr'>utrasque</span> <span class='ocrx_word' id='word_1_394' title='bbox 1285 3009 1290 3052; x_wconf 79' lang='grc' dir='ltr'>Ι</span> <span class='ocrx_word' id='word_1_395' title='bbox 1325 3005 1509 3042; x_wconf 83' lang='lat' dir='ltr'>autoritas</span> <span class='ocrx_word' id='word_1_396' title='bbox 1536 3018 1580 3042; x_wconf 60' lang='lat' dir='ltr'>vn.</span> <span class='ocrx_word' id='word_1_397' title='bbox 1596 3010 1628 3051; x_wconf 90' lang='lat'>1,</span> <span class='ocrx_word' id='word_1_398' title='bbox 1655 3005 1920 3041; x_wconf 83' lang='lat' dir='ltr'>auctoritatem</span> 
     </span>
     <span class='ocr_line' id='line_1_75' title="bbox 168 3063 1920 3115; baseline -0.002 -14"><span class='ocrx_word' id='word_1_399' title='bbox 168 3069 249 3101; x_wconf 81' lang='lat' dir='ltr'>m.4</span> <span class='ocrx_word' id='word_1_400' title='bbox 279 3068 291 3111; x_wconf 78' lang='grc' dir='ltr'>ΙΙ</span> <span class='ocrx_word' id='word_1_401' title='bbox 325 3070 377 3102; x_wconf 80' lang='grc'>16.</span> <span class='ocrx_word' id='word_1_402' title='bbox 411 3066 513 3112; x_wconf 79' lang='lat' dir='ltr'>ligno</span> <span class='ocrx_word' id='word_1_403' title='bbox 546 3067 607 3102; x_wconf 85' lang='lat' dir='ltr'>uel</span> <span class='ocrx_word' id='word_1_404' title='bbox 634 3069 678 3103; x_wconf 88' lang='lat' dir='ltr'>de</span> <span class='ocrx_word' id='word_1_405' title='bbox 710 3068 814 3115; x_wconf 88' lang='lat' dir='ltr'>ligno</span> <span class='ocrx_word' id='word_1_406' title='bbox 851 3070 854 3113; x_wconf 90' lang='grc' dir='ltr'>Ι</span> <span class='ocrx_word' id='word_1_407' title='bbox 890 3066 1148 3102; x_wconf 84' lang='lat' dir='ltr'>sustentacula</span> <span class='ocrx_word' id='word_1_408' title='bbox 1182 3079 1226 3103; x_wconf 73' lang='lat' dir='ltr'>ex</span> <span class='ocrx_word' id='word_1_409' title='bbox 1262 3065 1557 3101; x_wconf 83' lang='lat' dir='ltr'>sustentaculum</span> <span class='ocrx_word' id='word_1_410' title='bbox 1584 3076 1674 3101; x_wconf 67' lang='lat' dir='ltr'>corr.</span> <span class='ocrx_word' id='word_1_411' title='bbox 1713 3067 1724 3111; x_wconf 87' lang='grc' dir='ltr'>ΙΙ</span> <span class='ocrx_word' id='word_1_412' title='bbox 1763 3069 1817 3100; x_wconf 84' lang='lat'>17.</span> <span class='ocrx_word' id='word_1_413' title='bbox 1845 3063 1920 3098; x_wconf 87' lang='lat' dir='ltr'>sint</span> 
     </span>
     <span class='ocr_line' id='line_1_76' title="bbox 170 3125 695 3173; baseline 0.002 -13"><span class='ocrx_word' id='word_1_414' title='bbox 170 3125 350 3172; x_wconf 69' lang='lat' dir='ltr'>pinu-aces</span> <span class='ocrx_word' id='word_1_415' title='bbox 381 3127 393 3171; x_wconf 81' lang='grc' dir='ltr'>Η</span> <span class='ocrx_word' id='word_1_416' title='bbox 427 3130 480 3161; x_wconf 82' lang='grc'>19.</span> <span class='ocrx_word' id='word_1_417' title='bbox 509 3127 651 3161; x_wconf 82' lang='lat' dir='ltr'>extensi</span> <span class='ocrx_word' id='word_1_418' title='bbox 683 3130 695 3173; x_wconf 76' lang='grc' dir='ltr'>ΙΙ</span> 
     </span>
    </p>
   </div>
  </div>
 </body>
</html>
