2221 3490
718 133 976 168 EXCERPTA
1001 132 1066 167 EX
1093 127 1284 168 GLOSSIS
1310 131 1534 166 AYNARDI

253 242 397 286 Cimes
437 246 538 286 sunt
580 243 808 286 uermiculi
849 243 953 286 dicti
996 244 1110 298 quod

313 316 546 358 comedunt
579 315 673 357 olus

253 386 478 430 Conduma
510 390 576 429 est
610 387 782 429 cumina

253 459 402 502 Ciuico
437 462 503 501 est
536 459 675 500 ciuem
709 458 821 501 facio

253 529 479 573 Columem
513 534 579 572 631
612 531 729 573 salus
762 531 831 572 uel
864 531 1048 572 firmitas

216 614 231 640 5
253 602 367 657 Cops
402 605 468 644 est
502 602 626 657 copia

253 673 445 730 Copssus
480 677 546 716 est
580 673 781 729 copiosus

252 745 450 788 Culleum
495 748 562 787 631
608 760 781 787 3666001
826 746 871 786 10
917 760 1002 800 quo
1048 745 1111 787 rei

311 817 592 859 includuntur

252 889 449 932 Creticus
471 892 537 931 est
564 889 654 931 dies
681 889 725 930 in
754 904 838 943 quo
861 889 1000 930 cernit
1027 904 1111 931 me-

312 961 432 1003 dicus
460 963 607 1002 utrum
633 960 775 1016 possit
801 960 933 1002 homo
962 960 1110 1002 uiuere

314 1048 367 1074 an
400 1033 512 1075 mori

253 1103 461 1146 Condilus
490 1107 557 1146 est
584 1105 722 1147 nodus
744 1104 984 1161 digitorum
1009 1104 1110 1147 hjnc

315 1176 526 1218 condilizo
560 1179 627 1218 est
658 1177 703 1218 in
737 1177 931 1218 condilos
965 1177 1079 1232 plico

198 1260 230 1284 10
253 1246 516 1290 Charchesia
554 1251 622 1290 est
662 1263 739 1289 uas
783 1248 1002 1290 uinarium
1040 1249 1111 1291 uel

309 1322 445 1361 tonna
886 1320 888 1322 ’

251 1390 476 1434 Caubiculi
510 1394 611 1434 sunt
644 1393 879 1435 ramusculi

250 1464 438 1507 Conclus
477 1467 543 1506 631
581 1464 713 1519 piscis
754 1464 854 1506 11106
894 1465 1110 1507 conchilia

308 1537 421 1578 uncle
448 1536 667 1592 tinguitur
692 1537 889 1592 preciosa
915 1552 1110 1592 purpura

250 1607 488 1650 Cloxendix
522 1609 653 1650 606116
687 1609 754 1650 1161
788 1608 961 1650 labrum

251 1678 439 1721 Caritrix
473 1682 540 1722 est
572 1684 766 1722 extrema
798 1695 898 1735 pars
933 1683 1027 1735 rote

197 1763 229 1789 15
251 1751 388 1794 Cilleo
423 1766 578 1794 moueo

249 1823 415 1866 Cenum
449 1827 514 1866 est
548 1827 714 1866 3161603

250 1893 506 1951 Clarigenus
541 1899 607 1938 est
641 1897 756 1938 claro
795 1911 952 1953 genere
987 1900 1109 1939 ortus

251 1965 531 2010 Columbaria
570 1972 672 2010 sunt
704 1968 800 2011 loca
838 1969 883 2010 in
922 1969 1108 2011 nauibus

309 2054 386 2095 per
420 2055 502 2095 que
535 2041 727 2082 eminent
760 2039 867 2082 remi

251 2110 442 2154 Carcena
476 2115 577 2154 sunt
602 2113 699 2154 loca
724 2113 770 2154 in
797 2113 1018 2155 cacumine
1048 2129 1110 2155 ar-

309 2185 428 2226 boris
467 2185 591 2226 nauis
625 2183 699 2226 ubi
738 2184 868 2227 funus
907 2188 1024 2227 stant
1058 2186 1109 2227 ad

310 2257 572 2298 trahendum

196 2340 230 2365 20
251 2326 540 2383 Cataporatcs
574 2331 641 2370 est
680 2329 795 2370 linea
828 2344 925 2371 cum
966 2345 1112 2372 massa

309 2400 515 2455 plumbea
566 2399 618 2457 (p
657 2415 706 2443 ex
744 2398 793 2457 b)
842 2416 924 2456 qua
978 2402 1109 2444 maris

309 2474 552 2527 temptatur
585 2472 770 2515 altitudo

251 2543 463 2599 Culponei
500 2548 544 2586 61
580 2560 764 2600 perones
804 2548 906 2588 sunt
947 2546 1112 2588 rustica

311 2616 596 2658 calciamenta

250 2687 504 2730 Colustrum
537 2692 604 2731 est
636 2690 703 2731 lac
735 2704 899 2732 nouum
935 2725 938 2729 ,

250 2760 469 2803 00061003
484 2763 552 2803 631
571 2761 693 2816 potio
711 2776 762 2802 ex
782 2761 934 2804 multis
960 2762 1110 2804 herbis

310 2832 394 2873 sibi
445 2833 787 2888 congruentibus
845 2833 961 2876 facta
1011 2834 1110 2876 inde

310 2904 519 2946 concinno
554 2904 666 2945 idest
700 2919 910 2959 compono

251 2976 444 3018 Comites
472 2978 574 3018 sunt
595 2976 773 3018 modioli
795 2977 865 3018 uel
891 2977 1109 3020 humeruli

197 3059 230 3085 25
253 3048 390 3091 Carex
422 3048 530 3089 lisca

250 3119 505 3163 Carectrum
517 3122 583 3162 est
594 3120 715 3162 106113
733 3134 817 3175 quo
834 3120 942 3163 lisca
955 3122 1110 3165 crescit

1918 130 2000 171 617

1150 241 1433 284 Continnatio
1459 241 1661 283 iunctura
1688 239 1878 281 trabium
1904 240 2005 295 quia

1208 315 1380 356 tinnum
1413 313 1571 356 dicitur
1604 313 1750 354 trabes

1149 385 1316 428 Comba
1345 372 1414 427 'est
1447 385 1603 427 fundus
1635 384 1760 426 nauis

1149 457 1358 500 Cornicor
1390 457 1535 511 inepte
1570 457 1724 511 loquor

1149 527 1390 584 Curagulus
1425 531 1491 570 631
1523 527 1735 570 3011161103
2026 538 2060 562 30

1149 599 1372 656 Conglebo
1406 602 1472 641 est
1505 600 1701 655 glomero
1734 599 1803 640 uel
1841 599 1981 640 aduno

1149 671 1418 726 Corporeum
1452 674 1518 713 est
1545 671 1659 726 quod
1691 671 1824 712 habet
1850 685 2006 725 corpus

1208 746 1258 784 ut
1291 743 1452 784 animal
1484 743 1615 785 homo

1152 814 1443 870 Corporatum
1471 816 1585 870 quod
1616 814 1707 857 3106
1735 829 1914 869 corpore
1942 816 2008 855 est

1211 889 1284 929 sed
1335 889 1582 943 repperitur
1631 887 1676 928 111
1728 901 1907 941 corpore
1958 888 2008 927 ut

1211 961 1364 1002 albedo
1681 960 2009 1013 incorporatum

1212 1033 1325 1089 quod
1360 1034 1478 1074 caret
1511 1046 1690 1086 corpore

1150 1103 1372 1147 Cremium
1405 1106 1676 1146 sarmentum

1151 1175 1375 1217 Gremium
1409 1176 1529 1218 sinus
2029 1187 2063 1213 35

1150 1247 1381 1290 Corimbus
1415 1251 1482 1290 631
1513 1252 1538 1304 q
1568 1247 1705 1289 inuite
1739 1248 1935 1289 nascitur

1151 1320 1280 1364 Ceres
1314 1321 1371 1362 tis
1404 1320 1616 1362 rotundus

1149 1392 1330 1435 Cratera
1362 1393 1431 1434 uel
1464 1393 1578 1434 obba
1605 1394 1672 1434 est
1700 1392 1810 1433 calix
1843 1391 2008 1433 habens

1208 1479 1335 1506 ansas

1434 960 1615 1015 nigredo

1149 1535 1365 1578 Canculus
1399 1539 1465 1578 631
1497 1540 1622 1591 petra
1653 1536 1845 1579 inuesica

1149 1608 1371 1663 Capitium
1412 1611 1478 1650 631
1520 1608 1704 1650 311011163
1750 1609 1887 1651 uestis
1932 1624 2009 1664 per
2029 1620 2064 1645 40

1210 1681 1324 1735 quod
1359 1684 1490 1736 caput
1522 1681 1712 1723 hominis
1746 1681 1967 1737 egreditur

1150 1752 1280 1807 Capis
1314 1755 1380 1795 est
1413 1768 1491 1794 uas
1525 1753 1789 1808 pontificalis

1150 1822 1375 1866 Colobiste
1404 1828 1506 1867 sunt
1528 1826 1601 1881 qui
1623 1826 1795 1868 colobia
1815 1826 2009 1868 uendunt

1209 1897 1322 1938 idest
1343 1896 1449 1938 uilia
1476 1898 1734 1940 munuscula
1755 1913 1837 1953 que
1859 1900 1902 1939 61
1923 1897 2007 1939 bel-

1208 1968 1317 2010 laria
1350 1972 1561 2011 uocantur

1150 2039 1277 2083 Calta
1309 2044 1375 2083 631
1409 2042 1615 2084 crostella

1150 2111 1339 2155 Camena
1372 2114 1441 2155 uel
1474 2114 1611 2169 piplia
1644 2117 1710 2156 est
1744 2128 1868 2156 musa

1150 2183 1458 2228 Centumlacus
1492 2186 1560 2227 uel
1595 2186 1898 2242 gemellarium
1932 2200 2008 2227 uas
2028 2196 2062 2221 45

1209 2258 1283 2299 ubi
1317 2257 1609 2313 recipiebatur
1642 2261 1835 2300 mustum

1150 2328 1414 2386 Cecilinguis
1460 2333 1526 2372 est
1572 2331 1645 2385 qui
1692 2344 1772 2372 1166
1812 2330 2010 2385 loquitur

1208 2417 1287 2444 nec
1321 2403 1441 2444 audit
1474 2401 1615 2460 (audit
1636 2417 1714 2456 pro
1741 2401 1861 2444 uidet
1887 2399 2009 2458 corr.)

1151 2473 1326 2517 Culleus
1361 2476 1427 2515 est
1466 2489 1615 2516 366603
1655 2474 1700 2515 10
1733 2489 1818 2529 quo
1852 2474 1915 2515 rei
1947 2474 2009 2515 in·

1211 2546 1318 2588 clusi
1334 2561 1432 2588 cum
1454 2546 1569 2602 gallo
1587 2548 1629 2587 et
1645 2549 1844 2601 serpente
1867 2546 2009 2587 1111116-

1210 2620 1371 2660 bantur
1391 2617 1436 2660 in
1456 2617 1565 2659 mari
1588 2631 1763 2672 serpens
1792 2617 1888 2659 ideo
1912 2617 2009 2659 mit-

1145 2683 1151 2689 *
1208 2691 1385 2732 tebatur
1416 2693 1466 2732 ut
1498 2689 1703 2731 iniuriam
1744 2689 1810 2730 illi
1845 2689 2009 2731 faceret

1209 2763 1352 2819 gallus
1392 2765 1539 2804 autem
1571 2765 1621 2804 ut
1659 2761 1844 2804 sciretur
1879 2776 2010 2816 quam

1208 2836 1338 2890 longe
1371 2837 1622 2889 portaretur
1656 2848 1680 2874 a
1712 2834 1822 2876 mari

1149 2905 1366 2962 Capsidile
1400 2909 1466 2947 est
1500 2920 1630 2960 capsa
1660 2906 1730 2948 uel
1763 2920 1867 2960 pera

1149 2978 1382 3033 Cylindrus
1417 2980 1484 3020 631
1522 2977 1651 3018 fustis
1686 2992 1771 3032 quo
1809 2980 2004 3019 aratores

1208 3051 1358 3106 glebas
1393 3064 1645 3104 camporum
1678 3051 1888 3104 quassant

1149 3121 1408 3177 Citropocles
1441 3123 1543 3163 sunt
1576 3135 1652 3163 uas
1684 3121 1820 3164 fictile
2026 3132 2061 3157 50
