2216 3402
229 138 364 172 XXXII
973 137 1246 173 PRAEFATIO

229 247 427 288 Iittmatos
457 246 563 288 nihil
599 260 740 300 sapere
778 242 1016 288 didicerunt.
1077 247 1244 288 Horum
1284 246 1496 288 librorum
1538 247 1875 302 discrepantiam
1907 262 1975 289 ex-

230 317 391 372 cerptis
425 317 627 358 adhibere
658 318 790 359 nolui.

355 386 499 430 Codex
547 387 832 430 Vaticanus
876 387 1104 444 Reginae
1146 388 1446 432 Christinae
1488 390 1574 431 215
1619 390 1972 432 membranaceus

231 459 392 501 saeculi
424 459 527 500 noni
561 457 634 515 (ad
665 459 796 500 finem
827 460 1060 514 perductus
1093 475 1129 504 a.
1156 462 1242 503 876
1275 461 1342 502 vel
1376 458 1685 516 877).praeter
1718 461 1804 502 alia
1835 461 1974 502 multa

226 531 384 584 ylossas
414 532 559 572 ueteris
590 544 638 572 ac
669 531 769 572 noui
801 533 1028 573 testamenti
1060 533 1253 574 continet
1285 535 1329 573 et
1355 532 1400 572 in
1431 531 1503 573 fol.
1529 532 1799 574 1121—1191
1828 533 1975 575 scolica

220 616 440 655 ςφνεεαντιηι
468 602 709 655 ylossarum.
772 602 839 643 Ex
869 602 953 644 hoc
985 602 1199 658 glossario
1232 602 1344 644 edidi
1377 605 1578 656 excerpta
1612 616 1719 657 quae
1751 602 1972 645 LOEWIVS

229 673 335 714 mihi
369 673 556 727 reliquit.
621 673 738 722 Quae
773 673 943 729 glossae
977 675 1026 714 ut
1061 673 1199 715 multa
1230 673 1394 715 habent
1425 673 1680 728 peculiaria,
1711 673 1774 715 ita
1806 689 1865 715 eo.
1889 688 1974 715 me-

229 744 461 785 morabiles
505 747 623 799 sunt,
658 745 772 799 quod
805 760 856 787 ex
886 745 970 787 hoc
1002 745 1070 786 vel
1104 745 1235 786 simili
1275 745 1388 786 libro
1423 743 1657 786 SCALIGER
1689 745 1804 810 haud
1835 759 1975 800 pauca

228 815 391 869 recepit
433 815 477 856 i'n
519 816 818 858 collectionem
861 831 969 871 quae
1006 819 1160 871 postea
1199 830 1343 857 errore
1381 816 1585 858 Isidoro
1630 816 1848 871 adscripta
1886 819 1973 858 est:

226 887 276 927 de
311 901 395 941 qua
427 887 682 929 collectione
716 888 777 929 eis
810 903 918 943 quae
952 891 1157 929 secuntur
1189 887 1497 942 disputabitur.

884 1075 917 1109 V
966 1075 1021 1109 Ml
1027 1075 1309 1110 SCELLANEA

345 1173 370 1223 ἓ
406 1173 470 1214 18.
534 1171 598 1214 De
640 1173 799 1228 glossis
843 1171 1095 1214 SCALIGERI
1139 1197 1191 1202 —
1227 1173 1359 1228 vulgo
1402 1172 1602 1214 Isidoro
1645 1173 1875 1227 adscriptis
1919 1197 1968 1203 —

226 1246 327 1298 post
360 1258 408 1284 ea
449 1259 557 1298 quae
590 1243 808 1286 Losswlvs
843 1243 989 1285 Prodr.
1021 1260 1061 1298 p.
1084 1244 1139 1286 23
1161 1259 1250 1299 sqq.
1284 1244 1409 1286 docte
1442 1244 1682 1299 disputavit
1720 1244 1870 1299 paucis
1903 1245 1973 1301 egi

225 1313 652 1370 ‘Sitzungsberichte
686 1316 760 1357 der
787 1315 838 1356 K.
861 1314 899 1356 S.
923 1314 1021 1356 Ges.
1043 1315 1082 1356 d.
1105 1315 1189 1356 W?
1225 1330 1259 1357 a.
1286 1316 1397 1358 1888
1429 1331 1470 1370 p.
1491 1316 1575 1357 219
1598 1330 1709 1371 sqq.:
1742 1331 1793 1357 ex
1814 1316 1972 1371 quibus

227 1386 667 1428 commentationibus
687 1387 803 1427 haud
822 1401 959 1441 pauca
974 1386 1167 1441 repetivi.
1181 1386 1376 1428 —Anno
1392 1387 1503 1428 1600
1523 1386 1790 1429 VVLCANIVS
1806 1388 1851 1428 in
1865 1387 1972 1428 The-

227 1471 354 1497 sauro
384 1457 609 1512 utriusque
635 1458 810 1513 linguae
838 1459 1087 1514 glossarum
1105 1458 1405 1500 collectionem
1427 1457 1561 1499 edidit
1586 1458 1669 1500 hoc
1695 1458 1824 1500 titulo
1850 1473 1972 1513 prae-

224 1528 328 1568 fixo:
363 1529 486 1570 Liber
512 1529 747 1582 ιᾳῑοεεανῑιφηι
779 1544 828 1571 ex
857 1531 995 1571 uariis
1021 1531 1238 1584 ylossariis
1268 1543 1372 1583 quae
1401 1529 1475 1571 sub
1507 1529 1665 1571 Isidori
1695 1530 1860 1572 nomine
1890 1531 1970 1572 cir-

224 1599 508 1652 cumferuntur
546 1601 738 1651 collectus.
800 1600 934 1642 Paulo
973 1604 1074 1655 post
1107 1600 1391 1643 VVLCANIVM
1432 1601 1615 1642 iteratae
1649 1604 1751 1642 sunt
1782 1600 1970 1643 ‘Isidori'

225 1671 396 1725 glossae
436 1671 482 1712 in
522 1672 606 1712 fine
646 1671 747 1712 libri
779 1671 993 1714 DIONYSII
1029 1671 1337 1714 GOTHOFREDI
1370 1671 1401 1713 I.
1436 1671 1479 1714 C.
1514 1671 1771 1714 ‘Auctorum
1809 1673 1971 1714 latinae

225 1741 398 1797 linguae
447 1742 493 1783 in
542 1757 675 1783 unum
719 1743 992 1785 redactorum
1038 1742 1229 1798 corpus',
1270 1743 1344 1798 qui
1389 1743 1529 1785 editus
1575 1746 1641 1784 est
1687 1742 1728 1785 S.
1775 1742 1972 1785 Gervasii

226 1827 261 1853 a.
292 1813 416 1854 1602.
480 1812 612 1855 ‘Cum
644 1816 790 1855 autem
823 1814 992 1869 glossae
1025 1813 1366 1856 VVLCANIANAE
1407 1815 1523 1856 intra
1555 1815 1826 1870 singularum
1857 1814 1972 1856 litte-

225 1899 372 1924 rarum
405 1884 618 1926 ambitum
652 1885 742 1926 sine
775 1885 866 1926 ullo
900 1886 1047 1927 ordine
1076 1889 1354 1928 coacervatae
1381 1889 1538 1941 essent,
1571 1889 1638 1927 sat
1665 1886 1833 1927 utiliter
1858 1887 1972 1940 apud

228 1954 589 1997 GOTHOFREDVM
618 1957 669 1997 ad
691 1971 887 1997 severum
909 1956 1131 2012 alphabeti
1152 1958 1347 1998 ordinem
1368 1958 1563 1999 redactae
1586 1957 1702 1999 sunt’
1729 1955 1970 2013 (LOEWIVS

227 2025 375 2066 Prodr.
407 2042 446 2081 p.
469 2027 557 2081 23).
608 2027 777 2068 Inserta
811 2031 912 2068 sunt
944 2028 1058 2069 inter
1089 2028 1282 2070 Isidori
1315 2029 1482 2084 glossas
1516 2029 1572 2070 63
1609 2027 1686 2068 illa
1718 2028 1972 2069 vocabula

225 2097 442 2151 rariora,
489 2113 596 2152 quae
647 2114 686 2153 p.
715 2100 798 2140 613
821 2113 881 2153 sq.
926 2099 1158 2154 edidimus3
1210 2099 1376 2141 adiecta
1427 2103 1527 2141 sunt
1562 2099 1828 2154 ‘excerpta
1878 2099 1970 2154 Py-

226 2167 447 2209 thoeana
479 2183 529 2210 ex
562 2169 780 2211 veteribus
814 2169 1010 2225 glossis',
1042 2171 1092 2211 de
1126 2185 1307 2224 quorum
1344 2185 1441 2212 cum
1475 2171 1633 2226 glossis
1668 2186 1693 2212 a
1726 2169 1968 2212 VVLCANlo

227 2239 353 2280 editis
381 2240 696 2281 necessitudine
723 2240 829 2282 haec
856 2241 1024 2282 monuit
1050 2241 1267 2283 LOEWIVS
1295 2240 1442 2283 Pmdr.
1464 2257 1503 2295 p.
1519 2242 1593 2283 25:
1627 2240 1696 2296 e1)
1729 2241 1858 2296 longe
1884 2255 1970 2282 ma-

227 2310 361 2351 iorem
395 2311 640 2365 glossarum
667 2312 1007 2353 Pithoeanorum
1035 2315 1205 2366 partem
1239 2315 1407 2354 mutato
1435 2313 1595 2367 ordine,
1629 2313 1786 2354 additis
1819 2312 1968 2354 multis

228 2381 373 2435 eisque
408 2396 533 2436 saepe
561 2383 778 2437 corruptis
806 2382 1064 2424 coniecturis
1092 2386 1136 2426 et
1161 2383 1292 2438 notis,
1323 2384 1465 2438 ipsam
1490 2384 1696 2425 miserum
1723 2384 1767 2425 in
1793 2383 1969 2424 modum

228 2455 497 2506 corruptam,
537 2468 586 2494 ex
628 2453 854 2496 VVLCANII
898 2454 1084 2496 editione
1127 2455 1190 2496 ita
1226 2456 1363 2496 videri
1407 2455 1681 2509 translatam,
1719 2457 1768 2495 ut
1807 2454 1967 2495 multas

226 2522 466 2565 Pl'rnolivs
494 2525 667 2566 omnino
694 2540 781 2566 non
802 2525 1023 2580 reciperet,
1058 2541 1243 2580 quacum
1265 2526 1433 2568 ratione
1461 2526 1679 2580 eexcerpta
1697 2524 1967 2580 Pythoeana’

228 2594 382 2635 titulus
417 2595 578 2649 optime
613 2595 837 2650 congruit3
881 2596 927 2650 2)
959 2595 1030 2638 hic
1063 2597 1152 2638 illic
1185 2597 1382 2639 codicum
1414 2597 1809 2651 manuscriptorum
1843 2610 1968 2650 opem

228 2665 360 2706 videri
400 2666 662 2721 adhibitam3
708 2667 753 2720 3)
787 2681 921 2707 novas
955 2667 1124 2721 glossas
1162 2682 1399 2722 perpaucas
1434 2665 1709 2722 comparere’.
1760 2665 1822 2708 Cf.
1856 2667 1968 2708 idem

226 2735 442 2778 LOEWIVS
471 2737 618 2778 Prodr.
641 2734 678 2791 p.
700 2737 758 2778 40
773 2751 833 2791 sq.
873 2736 1106 2779 VVLCANH
1133 2739 1366 2780 editionem
1392 2738 1595 2792 repetivit
1614 2751 1798 2792 suasque
1825 2752 1966 2779 emen-

228 2807 423 2848 dationes
465 2807 622 2848 adieeit
654 2807 717 2849 Io.
750 2806 1019 2850 Lvnowcvs
1053 2821 1113 2850 DE
1145 2821 1203 2849 LA
1237 2808 1399 2850 CERDA
1430 2808 1792 2850 Adversariorum
1819 2807 1968 2850 Sacro-

228 2892 323 2917 rum
370 2892 403 2917 a.
437 2878 546 2919 1132ss
592 2877 793 2934 Lugduni
838 2879 1051 2920 editorum
1096 2895 1215 2934 capp.
1250 2879 1383 2922 CXLI
1422 2882 1465 2920 et
1503 2878 1658 2921 CXLII
1702 2878 1774 2935 (cf.
1819 2878 1993 2921 Prodr..

229 2963 268 3001 p.
296 2948 350 2989 2ss
374 2946 466 3003 sq).
520 2947 723 3003 Sequitur
754 2948 818 2991 Io.
848 2948 1087 2992 GEORles
1117 2949 1369 3005 GRAEvlvs,
1402 2950 1475 3005 qui
1508 2949 1681 2991 ‘Isidori
1707 2950 1967 3005 glossarium

231 3020 274 3058 et
306 3019 520 3073 Excerpta
546 3018 666 3060 Petri
692 3019 865 3061 Pithoei
899 3035 995 3062 cum
1026 3021 1142 3062 notis
1170 3024 1214 3063 et
1240 3019 1700 3063 animadversionibus'
1728 3021 1780 3062 ad
1807 3020 1967 3075 calcem

229 3087 395 3130 ‘Lexioi
441 3088 702 3145 Philologici
748 3093 791 3131 et
833 3089 983 3132 Cadmi
1024 3090 1455 3134 Graeco—Phoenicis
1492 3090 1705 3133 Matthiae
1749 3089 1965 3134 Martinii'.
