2216 3402
979 112 1254 148 PRAEFATIO
1935 112 1985 146 XI

239 224 414 278 decimi,
453 224 574 266 cuius
612 221 822 278 temporis
862 222 995 264 etiam
1033 222 1210 264 BVSAEI
1250 224 1380 263 notae
1420 224 1538 274 sunt,
1578 236 1684 275 quas
1724 221 1838 262 idem
1878 221 1987 262 liber

239 310 502 350 quamquam
541 296 626 336 alia
664 310 794 336 manu
836 294 1023 349 scriptas
1062 294 1249 335 exhibet.
1311 292 1464 347 Itaque
1506 307 1594 334 non
1633 295 1700 334 est
1740 307 1814 334 cur
1854 292 1986 334 codex

239 366 660 422 Hamburgensis
695 366 747 408 ad
780 366 912 408 crisin
945 365 1213 407 adhibeatur.

361 438 425 480 De
474 437 687 493 excerptis
739 437 899 480 codicis
942 436 1191 478 Vaticani
1240 451 1378 491 pauca
1418 436 1577 478 dicam:
1622 435 1729 477 satis
1769 434 1883 476 enim
1923 437 1989 476 est

240 511 478 565 monuisse,
522 525 571 552 ea
603 510 656 551 ad
687 508 901 550 familiam
933 507 1094 559 codicis
1127 507 1168 549 V
1181 507 1409 549 rsiniani
1442 506 1578 549 videri
1610 507 1849 548 revocanda
1882 521 1986 557 esse,

239 582 313 623 sed
357 585 586 636 tantopere
633 595 726 622 esse
775 580 1019 622 deformata
1064 579 1358 621 contrahendo
1408 579 1604 635 augendo
1651 578 1990 633 transponendo,

238 655 288 693 ut
325 652 452 694 facile
492 652 668 693 omnino
706 651 880 707 neglegi
919 654 962 693 et
1000 651 1171 705 possint
1210 653 1253 692 et
1293 650 1489 692 debeant.
1554 648 1808 705 Comparari
1840 651 1987 704 potest

239 724 358 765 velut
396 722 501 764 haec
540 723 706 778 glossa:
768 722 957 775 Limfari
993 722 1155 764 baccarz'
1193 725 1250 763 est
1286 725 1323 762 et
1362 722 1481 774 furia
1519 722 1700 774 quadam
1739 722 1895 775 ayitari
1938 721 1989 762 ab

166 800 174 807 ”
238 809 348 848 aqua
385 809 460 848 que
495 794 573 836 huc
612 797 732 847 atque
761 794 860 836 illuc
891 794 1081 836 deriuata
1112 797 1187 835 aut
1214 793 1313 846 fzaesa
1343 793 1549 834 discurrit.
1610 796 1710 834 sunt
1739 794 1812 846 qui
1843 793 1985 835 diemzc

239 867 410 920 spiritus
440 866 618 919 quodam
654 865 898 920 lymphatico
931 878 1137 918 aquarum
1161 864 1423 918 perturbatos
1454 865 1617 918 agitari.

358 939 383 989 ξ
418 937 454 979 6.
517 936 622 978 Tres
662 937 799 993 igitur
841 939 942 977 sunt
980 936 1148 978 codices
1187 950 1238 977 ex
1278 935 1435 990 quibus
1476 936 1794 991 archetypus
1831 936 1994 978 libro-

240 1025 349 1051 rum
399 1009 750 1050 Romanorum
805 1008 1166 1063 redintegrandus
1212 1010 1296 1049 est:
1357 1007 1524 1049 codices
1571 1006 1818 1049 Vaticani
1867 1008 1993 1062 1552,

241 1081 376 1135 3441,
415 1081 542 1122 5216.
606 1078 724 1129 Quae
763 1095 830 1121 res
869 1080 998 1135 longe
1037 1079 1237 1134 plurimis
1276 1079 1383 1121 locis
1421 1094 1510 1120 non
1548 1079 1639 1120 sine
1677 1079 1989 1134 probabilitate

242 1152 432 1207 expediri
470 1152 632 1207 potuit,
681 1151 985 1193 difficultatem
1024 1151 1234 1205 praebent
1272 1151 1357 1192 loci
1397 1150 1740 1192 correctionibus
1781 1150 1994 1206 insignes:

242 1223 391 1278 quales
423 1237 511 1264 non
543 1223 607 1264 ita
638 1223 801 1264 multas
833 1223 966 1265 habet
997 1237 1035 1274 α,
1069 1222 1161 1263 sine
1194 1221 1325 1263 dubio
1359 1237 1410 1263 ex
1437 1222 1673 1277 exemplari
1698 1222 1873 1276 petitas,
1907 1236 1994 1263 non

243 1295 493 1337 coniectura
525 1295 746 1351 inventas,
777 1295 916 1337 multo
950 1295 1095 1349 plures
1129 1308 1166 1348 c,
1197 1293 1408 1348 plurimas
1441 1294 1480 1345 b,
1522 1296 1705 1348 uterque
1739 1292 1909 1348 saepius
1944 1309 1994 1335 ex

242 1367 490 1408 coniectura
527 1369 654 1408 natas
695 1381 822 1421 quam
862 1381 913 1408 ex
951 1365 1188 1420 exemplari
1225 1365 1417 1407 haustas.
1487 1364 1734 1419 Aliquoties
1774 1365 1859 1406 abc
1901 1379 1997 1406 con-

243 1438 432 1493 spirant,
472 1453 579 1493 quas
620 1438 856 1492 scripturas
897 1452 985 1479 non
1025 1437 1323 1479 dubitabimus
1364 1437 1416 1478 ad
1450 1450 1677 1478 commune
1712 1436 1996 1491 archetypum

242 1524 442 1552 revocare
469 1510 514 1550 in
540 1524 676 1564 eoque
710 1509 903 1564 duplices
938 1509 1177 1564 scripturas
1212 1508 1408 1550 extitisse
1443 1508 1772 1563 suspicabimur.
1814 1506 1997 1562 Saepius

243 1581 326 1623 soli
369 1582 418 1623 bc
462 1577 726 1636 conspirant,
770 1581 815 1622 in
861 1581 1016 1636 quibus
1061 1595 1149 1622 non
1193 1580 1354 1634 ubique
1398 1580 1540 1635 prima
1586 1580 1638 1620 ab
1685 1580 1824 1620 altera
1867 1594 1998 1620 manu

243 1653 440 1709 dignosci
466 1656 630 1707 potest:
660 1667 843 1707 quarum
868 1653 1108 1695 lectionum
1135 1653 1345 1694 maiorem
1369 1655 1541 1707 partem
1568 1651 1821 1693 emendandi
1850 1651 1995 1692 studio

243 1725 519 1767 tribuendam
551 1739 655 1778 esse,
688 1725 900 1766 minorem
933 1725 1170 1779 archetypo
1202 1724 1298 1779 ipsa
1330 1739 1398 1765 res
1432 1724 1584 1765 docere
1617 1722 1806 1778 videtur,
1853 1738 1998 1777 quam-

244 1811 373 1851 quam
400 1800 564 1839 certam
589 1811 788 1838 normam
815 1799 858 1838 et
886 1797 1132 1852 generalem
1165 1811 1250 1851 qua
1281 1796 1521 1837 niteremur
1552 1809 1640 1836 non
1672 1794 1829 1836 inveni.
1881 1793 1997 1836 Nam

244 1883 296 1910 ne
328 1868 546 1909 vanm
578 1868 797 1909 VRSINVM
831 1867 1002 1922 quidem
1036 1868 1246 1910 lectiones
1287 1882 1435 1909 omnes
1469 1867 1519 1908 de
1553 1881 1630 1908 suo
1665 1866 1880 1908 addidisse
1915 1866 1999 1908 exi-

244 1940 387 1982 stimo.
452 1939 535 1982 Sed
580 1955 688 1995 quae
734 1940 796 1982 sic
840 1940 1034 1981 nascitur
1078 1939 1333 1994 difficultas,
1376 1939 1630 1994 plerumque
1674 1937 1880 1979 facillime
1916 1937 1996 1979 sol-

243 2012 361 2079 Xissur
398 2011 606 2053 adhibitis
645 2011 907 2053 lectionibus
949 2011 1051 2052 libri
1091 2011 1338 2066 glossarum
1378 2011 1428 2052 de
1466 2010 1623 2065 quibus
1655 2024 1755 2051 mox
1784 2009 1999 2065 agendum

246 2084 340 2125 erit.
402 2083 529 2126 Nunc
560 2083 644 2125 hoc
677 2083 804 2135 addo,
843 2098 910 2124 me
942 2082 1154 2125 lectiones
1186 2082 1400 2124 librorum
1432 2082 1522 2136 abe,
1568 2081 1794 2123 abiectis
1827 2084 1999 2122 tamen

247 2155 556 2210 quisquiliis
597 2154 922 2209 quibusdam,
961 2155 1080 2196 velut
1117 2169 1137 2197 e
1173 2168 1252 2209 pro
1292 2169 1339 2196 ae
1370 2154 1438 2195 vel
1471 2169 1506 2209 c,
1539 2153 1636 2194 aliis
1670 2155 1869 2195 accurate
1903 2167 1999 2208 pro-

246 2226 443 2281 posuisse
477 2228 521 2266 et
559 2225 776 2280 superflua
809 2225 964 2267 addere
1003 2240 1133 2280 quam
1173 2226 1287 2280 quod
1325 2225 1434 2267 utile
1474 2239 1566 2266 esse
1604 2227 1756 2280 posset
1795 2224 1998 2265 omittere

247 2297 407 2351 ubique
440 2296 656 2338 maluisse.

364 2370 390 2420 ξ
418 2369 456 2410 7.
518 2368 586 2410 Ex
618 2368 811 2422 pleniore
845 2368 1003 2421 codice,
1040 2367 1242 2409 similiter
1274 2370 1421 2409 tamen
1453 2367 1667 2422 disposito
1701 2371 1832 2422 atque
1866 2368 1999 2409 codex

247 2440 507 2482 Romanus
541 2439 647 2494 fuit,
677 2439 715 2481 is
748 2439 896 2481 hausit
930 2440 1004 2494 qui
1037 2439 1284 2495 glossarum
1316 2439 1680 2481 Placidearum
1712 2439 1842 2494 longe
1870 2439 2002 2480 maxi-

247 2526 363 2553 mam
394 2513 564 2566 partem
595 2511 641 2552 in
673 2511 936 2566 glossarium
965 2510 1256 2565 transcripsit,
1289 2511 1410 2552 cuius
1436 2511 1612 2552 unicum
1638 2525 1753 2552 nunc
1781 2510 2001 2564 exemplar

248 2583 382 2625 codex
421 2585 487 2624 est
518 2581 791 2623 Parisinus
830 2596 966 2624 novae
1006 2583 1202 2637 acquisit.
1269 2582 1382 2624 1298
1424 2582 1584 2624 saeculi
1616 2581 1695 2636 XI,
1736 2581 1786 2623 de
1827 2596 1910 2635 quo
1945 2606 2000 2610 ——

245 2654 422 2696 invento
439 2669 464 2696 a
480 2653 780 2695 GOTTHOLDO
800 2652 1132 2695 GVNDERMANN
1157 2679 1205 2683 —
1229 2653 1322 2708 ipse
1344 2653 1586 2695 accuratius
1608 2653 1677 2708 egi
1698 2653 1886 2707 primum
1907 2652 1999 2695 Ind.

247 2724 333 2766 Ien.
361 2740 395 2766 a.
428 2726 552 2780 1886,
578 2727 673 2766 tum
698 2724 836 2766 libelli
868 2726 918 2766 de
945 2725 1058 2767 libro
1087 2725 1333 2781 glossarum
1360 2725 1513 2779 scripti
1540 2740 1578 2779 p.
1606 2724 1661 2766 59
1685 2723 1823 2778 [269]
1856 2722 2000 2765 Codex

249 2800 315 2838 est
361 2797 715 2839 membranaceus
761 2797 1076 2852 <30‚5><20,5
1099 2795 1222 2852 cm.),
1265 2796 1471 2838 foliorum
1516 2796 1596 2848 22,
1643 2794 1858 2849 scriptura
1906 2794 2001 2836 visi-

249 2869 396 2924 gotica
428 2868 629 2923 scriptus.
693 2868 875 2910 Initium
914 2871 958 2910 et
996 2868 1094 2910 finis
1127 2868 1361 2936 perierunt.
1410 2867 1541 2909 Initio
1575 2867 1659 2907 duo
1694 2866 2001 2920 qua-terniones

249 2940 395 2981 deesse
437 2939 655 2982 videntur:
717 2939 879 2995 legitur
918 2940 1031 2981 enim
1063 2939 1110 2980 in
1141 2939 1213 2981 fol.
1243 2940 1292 2980 6¹¹
1333 2939 1505 2993 signum
1537 2936 1659 2978 tertii
1692 2937 2002 2991 quaternionis,

249 3011 295 3052 in
332 3010 405 3052 fol.
443 3012 484 3052 7²
524 3013 567 3052 et
608 3012 684 3053 14¹1
722 3011 896 3067 signum
935 3012 1096 3066 quarti,
1139 3011 1185 3052 in
1222 3010 1401 3051 f01.15¹²
1439 3011 1482 3050 et
1520 3009 1598 3050 22¹²
1637 3008 1810 3064 signum
1850 3008 2002 3063 quinti.

251 3082 389 3124 Primi
428 3082 489 3139 (h.
522 3097 555 3124 e.
594 3081 735 3140 tertii)
781 3083 1078 3138 quaternionis
1122 3082 1276 3124 folium
1315 3081 1504 3123 medium
1541 3079 1785 3122 intercidit:
1830 3080 2001 3136 glossae
