2221 3490
247 156 333 197 480

250 265 448 307 Reuelles
490 265 561 319 qui
601 264 651 305 de
691 264 877 305 alterum
920 278 1104 320 regnum

307 337 360 378 acl
392 337 576 378 alterum
609 335 790 377 festinat
822 335 1008 377 transire

246 408 415 450 Reuera
448 422 622 449 resuera

248 478 510 521 Reuerentia
543 481 641 521 acta
672 479 789 520 bona

193 584 195 586 -
247 551 498 593 Reuertisse
531 551 692 592 redisse

247 622 339 664 Rex
372 625 516 664 rectus
551 622 819 678 gubernator

247 694 511 736 Refocilauit
543 694 696 736 refecit
726 694 796 736 uel
829 694 1104 736 humanitate

305 766 418 808 fouit

245 837 423 880 Rictum
456 853 651 881 morsum

247 910 400 952 Rictus
451 909 751 965 patefactioris
800 910 990 952 ferarum
1035 910 1104 951 uel

308 983 567 1024 contrahens

250 1053 526 1096 Ridiculosus
560 1055 780 1097 detractor

198 1140 229 1163 ιο
250 1125 384 1182 Riget
416 1126 551 1181 pubet

251 1196 482 1252 Rigentem
514 1197 759 1254 fulgentem

249 1268 511 1311 Rimabatur
544 1269 706 1312 circum
739 1270 980 1312 uehebatur

249 1340 425 1382 Rimare
458 1341 675 1396 inquirere

249 1411 452 1454 Rimatur
478 1413 711 1469 diligenter
737 1414 920 1469 inquirit
946 1415 1014 1456 uel
1045 1415 1107 1457 in-

310 1485 440 1540 spicit
472 1485 605 1527 rimas
640 1486 780 1540 aperit
813 1501 889 1528 seu
920 1486 1071 1528 fiditur

196 1570 229 1596 15
251 1556 440 1599 Rimaris
486 1558 692 1599 scrutaris
739 1558 993 1614 diligentius
1039 1573 1107 1600 ex-

311 1629 457 1684 quiras

250 1699 443 1742 Rimatio
476 1701 690 1743 scrutatio
724 1701 955 1757 exquisitio

271 1772 528 1814 {imantibus
563 1774 860 1816 scrutantibus

252 1843 446 1886 Rimanti
480 1848 605 1887 acute
638 1845 882 1900 exquirenti

252 1914 424 1957 Rimiue
457 1917 647 1958 circuere
680 1919 875 1959 scrutare

200 2002 233 2026 ρο
251 1986 459 2043 Ringitur
491 1988 710 2030 cruciatur

252 2058 480 2101 Rinicerus
502 2060 798 2116 quadrupedes
818 2060 864 2102 in
889 2075 998 2103 nasu
1020 2076 1108 2103 cor-

310 2133 419 2172 nuta

252 2201 461 2258 Ringitur
493 2204 697 2246 irascitur
727 2207 802 2247 aut
833 2205 1085 2261 indignator

254 2273 431 2315 Riuales
453 2275 536 2317 duo
557 2276 643 2318 uiri
662 2292 749 2318 una
775 2280 970 2319 amantes
995 2277 1111 2332 quod

314 2346 437 2400 quasi
475 2362 561 2389 uno
601 2347 696 2390 riuo
730 2349 890 2391 amoris
931 2352 1110 2391 utantur

312 2418 381 2459 uel
415 2419 688 2462 meretricem
721 2436 796 2462 seu
829 2421 1013 2463 amicam

254 2488 392 2530 Riuus
425 2505 534 2545 aque
568 2506 718 2533 cursus

203 2577 236 2601 25
254 2559 431 2603 Robora
461 2561 583 2618 ligna
615 2563 770 2605 robore
804 2567 879 2605 aut
910 2563 1057 2605 ualida

255 2632 461 2674 Rodanus
494 2634 652 2676 fluuius
685 2634 858 2677 initalia

255 2703 495 2747 Rodoricus
526 2720 685 2748 nomen
718 2709 785 2748 est
816 2708 943 2749 unius
975 2707 1091 2764 regis

254 2774 378 2831 Roge
410 2790 494 2830 uue
527 2792 664 2833 genus
700 2782 766 2820 est

255 2845 428 2902 Rogum
487 2848 699 2892 instruem
760 2850 979 2907 lignorum
1035 2851 1110 2892 ubi

788 149 1043 189 EXCERPTA
1070 155 1134 189 EX
1161 154 1353 190 GLOSSIS
1380 156 1412 189 A
1432 156 1463 189 A

1204 265 1364 307 mortui
1398 265 1585 321 gentiles
1617 265 1904 309 incenduntur
1929 267 2000 309 uel

1202 336 1277 378 ubi
1311 340 1558 379 cremantur
1591 337 1643 379 ad
1675 338 1934 393 martyrium

1142 408 1284 450 Roma
1315 409 1456 450 uirtus
1490 422 1650 464 magna
1681 409 1929 452 sublimitas

1143 479 1233 522 Ros
1267 480 1614 523 madefactioeris

1143 551 1332 593 Rotatus
1365 552 1613 595 rotunditas

1145 622 1333 665 Robrius
1365 638 1526 666 nomen
1558 627 1625 666 est

1143 694 1317 751 Rubigo
1350 710 1460 752 rugo
1494 695 1747 752 malignitas

1144 766 1411 823 Rubiginem
1443 768 1667 824 eruginem

1143 838 1294 881 Rubra
1326 840 1460 882 rubea
1491 841 1562 882 uel
1596 840 1691 882 olus
1724 839 1911 896 agrestis

1143 910 1362 953 Robulam
1424 913 1641 954 rauiorem
1698 911 1885 953 multum
1943 912 1996 953 lo-

1205 998 1382 1038 quacem

1144 1055 1393 1097 Rudentum
1414 1055 1576 1097 stridor
1595 1055 1765 1096 funium
1786 1055 1855 1096 uel
1877 1054 2000 1096 funes

1205 1127 1362 1182 quibus
1394 1127 1492 1169 uela
1524 1129 1734 1169 tenuntur

1145 1198 1260 1241 Rues
1294 1199 1420 1240 ruina

1143 1270 1284 1312 Rufus
1317 1271 1464 1313 fuscus
1496 1270 1622 1327 niger
1654 1271 1724 1313 uel
1757 1271 1916 1313 rubeus

1143 1341 1334 1398 Rugitus
1356 1342 1545 1384 ferarum
1567 1345 1761 1399 mugitus
1785 1344 1855 1385 uel
1877 1358 2004 1398 aqua-

1204 1429 1277 1456 rus
1311 1414 1402 1456 siue
1435 1414 1557 1456 uenti
1590 1429 1722 1457 sonus

1145 1486 1287 1528 Ruma
1318 1501 1508 1528 mamma

2018 422 2053 448 30

2021 1289 2057 1314 40

1145 1558 1357 1614 Rumigat
1392 1558 1597 1600 masticat

1146 1630 1355 1672 Ruminat
1399 1630 1631 1686 diligenter
1671 1631 1889 1674 examinat
1933 1632 2001 1674 uel

1204 1717 1335 1757 pecus
1369 1717 1467 1744 cum
1499 1703 1753 1745 remasticat

1145 1774 1456 1830 Rumigerulus
1489 1775 1676 1817 rumoris
1708 1775 1900 1831 portitor

1146 1846 1440 1888 Rumusculus
1472 1861 1622 1888 rumor
1653 1847 1799 1889 breuis

1147 1917 1274 1959 Runa
1304 1932 1453 1974 pugna

2023 1791 2059 1817 45

1148 1989 1321 2031 Runata
1353 1990 1575 2045 suspicata

1146 2061 1362 2116 Rupertes
1395 2061 1628 2104 stridentes

1148 2133 1377 2189 Ruregena
1408 2133 1635 2175 inuillatus

1146 2204 1238 2246 Rus
1271 2205 1430 2247 mentis
1465 2205 1755 2247 crudementis

1147 2276 1337 2332 Ruspari
1369 2276 1589 2331 requirere

2023 2149 2058 2175 50

1148 2348 1238 2390 Rus
1272 2363 1420 2390 eamus
1453 2348 1507 2390 ad
1538 2348 1689 2390 uillam
1722 2364 1869 2391 eamus

1148 2420 1386 2462 Rutilanda
1417 2420 1688 2463 diuersorum
1721 2421 1955 2464 coloranda

1148 2492 1298 2534 Rudus
1325 2495 1490 2534 stercus
1519 2493 1633 2548 quod
1657 2493 1707 2534 de
1728 2493 1855 2536 domo
1882 2508 2003 2535 mun·
2022 2505 2056 2532 55

1208 2565 1364 2606 dantur

1151 2706 1362 2750 Sabulum
1396 2709 1573 2751 sablone
1606 2709 1675 2750 uel
1708 2723 1838 2751 arena

1151 2777 1342 2822 Saburra
1372 2780 1512 2822 honus
1540 2780 1655 2835 quod
1684 2795 1842 2823 uacuas
1868 2795 2001 2823 naues

1209 2851 1438 2894 stabiliunt

377 3028 407 3059 8,
440 3024 646 3069 patefactio
679 3026 752 3061 oris
779 3028 799 3062 b
837 3029 848 3073 ΙΙ
889 3032 942 3063 14.
969 3027 1124 3062 finditur
1150 3028 1170 3063 b
1207 3030 1219 3073 ΙΙ
1258 3032 1311 3064 19.
1346 3027 1501 3064 circuire
1533 3029 1584 3064 ab
1621 3030 1633 3074 ΙΙ
1670 3032 1726 3066 21.
1753 3029 1909 3064 cornuta
1941 3029 1995 3065 b'

257 3083 668 3119 31.1nadefatio=·2e1is
696 3088 715 3121 b
744 3088 842 3131 1134.
870 3098 984 3133 erugo
1012 3089 1032 3121 b
1058 3091 1070 3133 {f
1099 3091 1154 3124 37.
1181 3087 1369 3123 Rubulam
1396 3090 1447 3124 ab
1471 3091 1483 3134 Ι,
1508 3092 1564 3124 41.
1592 3099 1773 3134 aquarum
1799 3090 1819 3124 b
1844 3090 1856 3134 ΙΙ
1882 3091 1936 3124 50.
1963 3087 2003 3123 in

258 3140 351 3176 uilla
376 3144 486 3177 nutus
514 3145 533 3179 b
560 3146 571 3189 ΙΙ
602 3146 887 3181 55.mundatu1
919 3148 938 3182 b
971 3150 982 3193 Η
