2216 3402
246 145 301 186 28

245 253 402 296 Itidem
428 254 586 296 iterum
612 258 740 309 atque
767 254 936 295 iterum.
969 247 1115 296 interss

303 325 404 366 dum
436 328 479 366 et
511 341 588 379 pro
622 325 834 367 similiter.

244 396 294 437 In
313 399 483 437 eternae
500 397 613 437 uitae
634 396 849 451 crepidine
865 396 948 438 fuit
969 397 1094 439 datus

304 468 347 508 iu
389 468 471 509 fine
514 471 557 509 et
607 468 931 523 propinquitate
977 467 1093 510 uitae

304 543 503 580 aeternae
537 539 833 580 constabilius.

244 609 546 652 inextricabile
562 611 840 653 inresolubile
853 610 964 666 quod
976 625 1095 652 num-

303 697 430 736 quam
482 682 633 723 finitur
688 682 794 724 facit
842 682 1093 724 aduerbium

302 753 673 794 inextricabiliter.

241 824 431 879 Insignit
468 824 637 880 insigne
676 824 781 866 facit
813 825 882 867 uel
920 825 1092 881 signum

300 896 486 951 imponit
519 896 779 938 translatum
812 897 865 938 ab
901 897 1093 939 animali-

300 968 378 1008 bus
413 982 520 1022 quae
551 971 656 1010 nota
688 968 925 1023 signantur.

203 1056 218 1078 5
239 1040 554 1081 Immensorum
616 1039 921 1081 thesaurorum
980 1040 1092 1081 ratio

298 1111 471 1165 quidem
498 1110 602 1152 facit
629 1110 701 1151 sed
728 1113 908 1165 propter
935 1110 1092 1165 eupho-

296 1182 414 1223 niam
448 1182 707 1223 immensum
741 1182 861 1224 dixit.

238 1253 454 1312 Infersisti
487 1252 675 1308 replesti.

238 1324 476 1379 Inspeculis
486 1325 530 1366 in
540 1324 788 1379 aspectibus
797 1324 866 1366 uel
877 1324 1100 1366 inuisibus.

238 1395 419 1438 Infercis
453 1395 605 1450 reples.

237 1466 501 1508 Intemerare
552 1467 677 1508 ualde
722 1467 972 1523 contingere
1022 1468 1092 1509 uel

298 1538 498 1593 populari
531 1541 660 1593 atque
693 1541 878 1580 uastare.

237 1609 445 1652 quentus
478 1609 676 1650 iuuentas
709 1609 898 1651 iuuenta.
947 1609 1092 1651 iuuen-

947 1681 1093 1722 iuuen-

186 1625 219 1649 10

297 1684 367 1723 tus
401 1681 604 1722 iuuenum
638 1680 885 1722 multitudo.

297 1755 364 1793 tas
391 1752 469 1793 dea
494 1752 747 1793 iuuentutis.
790 1752 967 1794 iuuenta
996 1753 1092 1807 ipsa

296 1826 448 1865 nostra
487 1825 606 1865 aetas
647 1825 713 1864 est
752 1824 825 1865 sed
862 1824 1004 1865 nostri
1048 1824 1092 1866 in

296 1894 514 1949 plerisque
546 1893 652 1935 locis
684 1894 810 1936 aliter
841 1898 1091 1949 posuerunt.

238 1965 370 2007 Iubar
402 1965 604 2019 splendor
630 1965 734 2006 solis
767 1966 836 2007 uel
863 1967 989 2008 lunae
1021 1967 1090 2009 uel

298 2036 523 2078 stellarum
551 2036 663 2090 quod
694 2036 738 2077 in
765 2037 940 2079 modum
972 2038 1091 2080 iuba-

297 2122 393 2148 rum
425 2106 534 2148 radii
566 2107 759 2162 ipsorum
789 2109 1091 2151 extenduntur.

237 2178 455 2220 Ininculta
487 2178 610 2220 demo
642 2193 730 2220 non
761 2180 888 2221 culta.

238 2249 698 2291 Inualitudinariorum
730 2251 1041 2307 languentium.

237 2320 438 2376 Impensa
464 2321 533 2362 uel
559 2321 843 2375 impendendo
867 2323 982 2377 quod
1003 2338 1091 2365 ero-

297 2393 438 2448 gando
472 2395 515 2434 et
547 2393 753 2434 scribitur
784 2408 860 2448 per
893 2409 947 2435 .n.

238 2462 600 2518 Impraeiudicata
643 2479 729 2506 non
773 2464 960 2507 iudicata
1002 2480 1090 2507 non

298 2537 437 2576 aucta.

236 2604 382 2660 Ingeri
409 2609 475 2646 est
502 2605 645 2646 offerri
671 2608 720 2647 ut
746 2606 931 2662 ingessit
958 2622 1002 2650 se
1029 2608 1088 2649 iu-

297 2676 420 2717 ‹liciis
452 2677 495 2717 id
528 2680 593 2718 est
626 2677 796 2719 obtulit.

184 2476 218 2500 15

690 144 924 180 PLACIDVS
951 143 1201 180 LIBRORVM
1227 144 1331 180 ROM
1338 147 1361 180 Α
1369 144 1543 180 NORVM

1133 253 1306 296 Innexis
1340 254 1529 297 innitens
1561 257 1610 296 ut
1643 255 1677 296 si
1705 255 1800 310 quis
1829 257 1983 299 baculo

1191 325 1405 367 innitatur
1437 328 1512 366 aut
1541 326 1752 368 columnis
1784 327 1960 369 fabrica.

1132 396 1343 439 Imburim
1374 397 1732 458 incarnationem.

1131 467 1416 523 Inpropatulo
1456 471 1523 509 est
1560 468 1604 510 in
1644 472 1794 524 aperto
1835 469 1986 525 patula

1192 540 1306 581 enim
1333 542 1376 581 et
1407 540 1639 595 propatula
1665 540 1865 582 dicuntur
1890 541 1986 583 loca

1191 611 1347 653 diffusa
1379 614 1422 652 et
1455 612 1649 653 dilatata.

1132 682 1404 724 Ineuitabilis
1432 683 1590 725 dicitur
1617 683 1689 738 qui
1721 683 1871 739 fugere
1896 698 1984 726 non
2004 693 2038 718 2⁰

1190 756 1337 808 potest
1368 754 1436 795 uel
1470 755 1687 796 declinari.

1131 825 1304 880 Ingruit
1329 825 1528 867 imminet
1553 826 1772 881 impendet
1798 829 1848 868 ut
1879 828 1984 868 tem-

1189 898 1347 951 pestas.

1130 967 1349 1009 Influstris
1381 968 1427 1009 in
1458 971 1596 1022 porta.

1131 1038 1347 1094 Impilasti
1387 1040 1581 1082 conuicio
1626 1041 1877 1083 conscidisti
1922 1041 1984 1083 in-

1189 1111 1360 1152 terdum
1394 1111 1632 1167 castigasti.

1128 1181 1345 1237 Impulsas
1402 1182 1630 1236 impositas
1689 1184 1800 1225 unde
1855 1183 1982 1226 hodie

1188 1267 1358 1307 quoque
1386 1253 1613 1308 impulsari
1640 1268 1664 1295 o
1690 1253 1851 1296 fascem
1883 1255 1984 1296 dici-

1187 1339 1282 1366 mus
1323 1324 1438 1379 quod
1470 1325 1609 1380 magis
1641 1324 1805 1380 imponi
1838 1326 1984 1368 decen-

1189 1396 1276 1437 tius
1310 1395 1480 1438 dicitur.

1130 1466 1313 1508 Interibi
1344 1467 1511 1509 interea
1541 1468 1611 1509 uel
1642 1468 1831 1509 interim.

1129 1538 1290 1580 Ibulsis
1323 1538 1435 1580 idest
1467 1539 1569 1580 illis.

1128 1609 1255 1651 quta
1287 1609 1493 1664 oppidum
1524 1625 1658 1665 prope
1691 1611 1887 1653 carceris.

1130 1680 1182 1722 In
1213 1680 1394 1723 ridiculo
1427 1681 1472 1722 in
1503 1681 1593 1723 risu
1625 1681 1671 1723 in
1703 1681 1892 1724 cachino.

1129 1751 1285 1794 Iudace
1319 1752 1497 1794 antebat
1527 1753 1573 1794 in
1604 1755 1783 1795 uestem.

1129 1822 1358 1877 Impubem
1391 1823 1482 1864 sine
1513 1823 1661 1865 barba.

1129 1894 1379 1950 Instragula
1411 1894 1608 1950 stragula
1639 1894 1939 1938 absternendo.

1128 1966 1320 2021 Ingratis
1354 1965 1445 2007 sine
1477 1966 1717 2008 uoluntate.

1128 2037 1264 2078 Infuit
1297 2037 1460 2079 dictum
1492 2037 1546 2078 ab
1580 2051 1630 2078 eo
1663 2037 1777 2091 quod
1808 2040 1982 2092 praeter

1186 2111 1358 2162 tempus
1392 2107 1618 2163 significet.

1126 2179 1359 2221 quencam
1392 2179 1591 2220 iuuenem
1622 2179 1824 2233 puellam.

1129 2250 1227 2306 Iugi
1264 2250 1414 2292 iunoni
1454 2265 1566 2305 aqua
1604 2250 1726 2292 uicus
1770 2251 1977 2307 ungarius
1996 2263 2031 2290 ³5

1188 2321 1331 2363 arabis
1363 2322 1427 2362 ita
1458 2323 1536 2363 est.

1128 2392 1370 2435 Infellicare
1433 2391 1650 2434 infelicem
1716 2391 1857 2435 facere
1918 2393 1980 2435 in-

1187 2464 1348 2520 fligere.

1125 2535 1330 2577 Inuolant
1361 2535 1573 2577 inuadunt
1604 2534 1829 2590 arripiunt.

1126 2605 1292 2648 Iterant
1324 2606 1474 2648 dicunt
1504 2606 1709 2649 indicant.

1127 2677 1319 2720 Inciente
1340 2677 1553 2720 innitente
1573 2677 1767 2732 pariente
1782 2693 1807 2720 a
1826 2678 1977 2721 ciendo

2001 1832 2036 1857 30

335 2820 364 2851 1.
387 2818 425 2851 et
443 2828 508 2852 om.
525 2818 544 2851 b
564 2819 575 2862 1}
596 2820 627 2852 3.
654 2828 844 2862 nunquam
871 2820 916 2854 bc
934 2821 945 2864 ΙΙ
966 2824 996 2855 5.
1024 2818 1213 2855 eufoniam
1240 2820 1285 2854 bc
1304 2819 1315 2863 ΙΙ
1335 2822 1366 2854 8.
1392 2818 1533 2852 Imeras
1559 2821 1644 2854 ante
1662 2829 1752 2855 corr.
1768 2819 1789 2855 b
1807 2819 1819 2864 11
1841 2823 1895 2855 10.
1921 2818 1977 2854 iu-

239 2876 351 2909 uenta
372 2877 409 2919 (a
423 2887 467 2911 esc
481 2877 537 2921 us)
557 2889 579 2910 α
603 2878 607 2921 Ι
630 2876 805 2911 iuuentus
827 2889 891 2913 om.
907 2889 935 2922 e,
956 2880 1074 2924 suppl.
1090 2880 1109 2914 b

1128 2881 1169 2913 sm
1189 2890 1300 2924 marg.
1325 2882 1329 2920 Ι
1352 2877 1506 2912 iuuenta
1525 2888 1590 2913 om.
1606 2889 1629 2913 a
1647 2879 1659 2923 ΙΙ
1681 2881 1734 2913 12.
1756 2878 1865 2913 domo
1885 2889 1976 2914 corr.

240 2935 260 2969 b
281 2936 292 2979 ΙΙ
314 2938 366 2969 17.
388 2934 524 2970 initens
545 2947 568 2970 α
590 2937 594 2980 Ι
618 2937 684 2970 aut
709 2941 791 2972 ante
817 2947 907 2973 corr.
930 2939 949 2972 b
973 2940 977 2981 Ι
1005 2937 1189 2972 inuitatur
1208 2950 1230 2972 α
1253 2939 1257 2981 Ι
1281 2936 1461 2971 columnis
1482 2937 1535 2972 bis
1554 2948 1577 2971 a
1596 2937 1607 2981 ΙΙ
1633 2939 1688 2972 18.
1708 2936 1875 2971 Inburim
1895 2937 1941 2973 bc
1973 2938 1975 2961 ¹

241 2996 295 3028 ⁶34.
317 3003 337 3027 o
358 3004 423 3028 om.
446 2995 465 3028 b
489 2997 492 3037 ξ
516 2993 694 3039 magister
714 3007 731 3030 c
750 2997 761 3039 ΙΙ
781 2998 836 3030 26.
858 2995 993 3030 Ibulsis
1009 2996 1047 3041 (b
1061 3007 1105 3031 esc
1119 2997 1156 3041 u)
1170 3008 1201 3031 α.
1229 2995 1376 3030 Ibulsus
1391 3006 1418 3031 e.
1445 2995 1539 3030 forte
1555 2995 1681 3030 illibus
1697 2995 1793 3030 sicut
1806 2995 1915 3030 hibus
1935 2996 1978 3030 in

240 3064 354 3098 τηαν-9.
368 3053 404 3087 c²⁶
422 3054 434 3097 ΙΙ
453 3056 507 3087 27.
525 3064 688 3088 carceres
703 3059 786 3089 ante
799 3066 888 3090 corr.
902 3067 923 3090 a
943 3060 1011 3090 -29,
1027 3055 1161 3089 Iudaeo
1175 3067 1192 3090 c
1206 3055 1339 3101 cornbf
1363 3058 1418 3090 30.
1433 3054 1586 3099 Impube
1601 3055 1620 3090 b
1659 3058 1714 3090 31.
1729 3053 1945 3100 Instrugula
1958 3065 1977 3090 c

240 3116 272 3147 et
286 3116 369 3147 ante
382 3122 471 3147 corr.
488 3124 510 3146 α
529 3114 540 3158 ΙΙ
561 3117 615 3147 35.
636 3113 655 3146 f
676 3113 841 3159 iugarius
856 3115 1012 3161 inmary
1038 3116 1076 3150 b²
1094 3116 1107 3160 ΙΙ

1127 3118 1182 3150 38.
1202 3114 1370 3150 Inter-ant
1383 3126 1400 3151 c
1413 3119 1445 3151 et
1459 3118 1542 3150 ante
1561 3125 1650 3150 corr.
1666 3115 1686 3149 b
1709 3115 1712 3158 Ι
1736 3113 1914 3148 inducant
1927 3125 1950 3149 a
1967 3113 1973 3160 Ι
