<?xml version="1.0" encoding="UTF-8"?>
<!DOCTYPE html PUBLIC "-//W3C//DTD XHTML 1.0 Transitional//EN"
    "http://www.w3.org/TR/xhtml1/DTD/xhtml1-transitional.dtd">
<html xmlns="http://www.w3.org/1999/xhtml" xml:lang="en" lang="en">
 <head>
  <title>
</title>
<meta http-equiv="Content-Type" content="text/html;charset=utf-8" />
  <meta name='ocr-system' content='tesseract 3.04.00' />
  <meta name='ocr-capabilities' content='ocr_page ocr_carea ocr_par ocr_line ocrx_word'/>
</head>
<body>
  <div class='ocr_page' id='page_1' title='image "./corpusglossarior05linduoft/corpusglossarior05linduoft_0554.png"; bbox 0 0 2221 3490; ppageno 0'>
   <div class='ocr_carea' id='block_1_1' title="bbox 213 137 298 178">
    <p class='ocr_par' dir='ltr' id='par_1_1' title="bbox 213 137 298 178">
     <span class='ocr_line' id='line_1_1' title="bbox 213 137 298 178; baseline 0 0"><span class='ocrx_word' id='word_1_1' title='bbox 213 137 298 178; x_wconf 79' lang='lat'>512</span> 
     </span>
    </p>
   </div>
   <div class='ocr_carea' id='block_1_2' title="bbox 155 247 1069 736">
    <p class='ocr_par' dir='ltr' id='par_1_2' title="bbox 155 247 1069 736">
     <span class='ocr_line' id='line_1_2' title="bbox 271 247 1069 303; baseline 0.001 -15"><span class='ocrx_word' id='word_1_2' title='bbox 271 250 364 289; x_wconf 86' lang='lat' dir='ltr'>esto</span> <span class='ocrx_word' id='word_1_3' title='bbox 410 247 670 289; x_wconf 85' lang='lat' dir='ltr'>uocauulum</span> <span class='ocrx_word' id='word_1_4' title='bbox 712 248 825 303; x_wconf 89' lang='lat' dir='ltr'>quod</span> <span class='ocrx_word' id='word_1_5' title='bbox 871 250 1069 290; x_wconf 88' lang='lat' dir='ltr'>matrone</span> 
     </span>
     <span class='ocr_line' id='line_1_3' title="bbox 271 319 1069 376; baseline 0.001 -15"><span class='ocrx_word' id='word_1_6' title='bbox 271 321 384 361; x_wconf 84' lang='lat' dir='ltr'>stola</span> <span class='ocrx_word' id='word_1_7' title='bbox 411 319 618 361; x_wconf 88' lang='lat' dir='ltr'>libertina</span> <span class='ocrx_word' id='word_1_8' title='bbox 639 322 682 361; x_wconf 91' lang='lat' dir='ltr'>et</span> <span class='ocrx_word' id='word_1_9' title='bbox 703 323 808 376; x_wconf 89' lang='lat' dir='ltr'>toga</span> <span class='ocrx_word' id='word_1_10' title='bbox 831 320 1069 375; x_wconf 88' lang='lat' dir='ltr'>prostitute</span> 
     </span>
     <span class='ocr_line' id='line_1_4' title="bbox 268 394 903 447; baseline 0.002 -15"><span class='ocrx_word' id='word_1_11' title='bbox 268 406 486 447; x_wconf 84' lang='lat' dir='ltr'>purpurea</span> <span class='ocrx_word' id='word_1_12' title='bbox 505 394 641 433; x_wconf 87' lang='lat' dir='ltr'>-ueste</span> <span class='ocrx_word' id='word_1_13' title='bbox 673 394 903 434; x_wconf 88' lang='lat' dir='ltr'>uterentur</span> 
     </span>
     <span class='ocr_line' id='line_1_5' title="bbox 208 463 997 519; baseline 0.001 -14"><span class='ocrx_word' id='word_1_14' title='bbox 208 463 339 505; x_wconf 88' lang='lat' dir='ltr'>Pusio</span> <span class='ocrx_word' id='word_1_15' title='bbox 374 464 486 505; x_wconf 89' lang='lat' dir='ltr'>unde</span> <span class='ocrx_word' id='word_1_16' title='bbox 519 464 779 505; x_wconf 90' lang='lat' dir='ltr'>diminutiue</span> <span class='ocrx_word' id='word_1_17' title='bbox 811 464 997 519; x_wconf 88' lang='lat' dir='ltr'>pusillus</span> 
     </span>
     <span class='ocr_line' id='line_1_6' title="bbox 155 535 1002 591; baseline 0.002 -15"><span class='ocrx_word' id='word_1_18' title='bbox 155 568 157 571; x_wconf 90' lang='lat'>.</span> <span class='ocrx_word' id='word_1_19' title='bbox 209 535 399 577; x_wconf 87' lang='lat' dir='ltr'>Puticuli</span> <span class='ocrx_word' id='word_1_20' title='bbox 433 535 506 590; x_wconf 87' lang='lat' dir='ltr'>qui</span> <span class='ocrx_word' id='word_1_21' title='bbox 540 536 751 578; x_wconf 88' lang='lat' dir='ltr'>cadauera</span> <span class='ocrx_word' id='word_1_22' title='bbox 782 537 1002 591; x_wconf 89' lang='lat' dir='ltr'>proiciunt</span> 
     </span>
     <span class='ocr_line' id='line_1_7' title="bbox 207 607 793 650; baseline 0.002 -1"><span class='ocrx_word' id='word_1_23' title='bbox 207 607 481 650; x_wconf 64' lang='lat' dir='ltr'>³³Prurientes</span> <span class='ocrx_word' id='word_1_24' title='bbox 515 608 793 650; x_wconf 71' lang='lat' dir='ltr'>detrahentes</span> 
     </span>
     <span class='ocr_line' id='line_1_8' title="bbox 207 679 788 736; baseline 0.002 -15"><span class='ocrx_word' id='word_1_25' title='bbox 207 679 465 736; x_wconf 65' lang='lat' dir='ltr'>&gt;i‘Prurigine</span> <span class='ocrx_word' id='word_1_26' title='bbox 500 680 788 736; x_wconf 87' lang='lat' dir='ltr'>scalpitudine</span> 
     </span>
    </p>
   </div>
   <div class='ocr_carea' id='block_1_3' title="bbox 150 860 1068 1855">
    <p class='ocr_par' dir='ltr' id='par_1_3' title="bbox 150 860 1068 1855">
     <span class='ocr_line' id='line_1_9' title="bbox 170 860 1068 918; baseline 0.006 -18"><span class='ocrx_word' id='word_1_27' title='bbox 170 876 185 900; x_wconf 88' lang='lat'>5</span> <span class='ocrx_word' id='word_1_28' title='bbox 207 860 435 918; x_wconf 72' lang='lat' dir='ltr'>Quatriuia</span> <span class='ocrx_word' id='word_1_29' title='bbox 484 864 552 902; x_wconf 90' lang='lat' dir='ltr'>est</span> <span class='ocrx_word' id='word_1_30' title='bbox 602 860 719 903; x_wconf 86' lang='lat' dir='ltr'>enim</span> <span class='ocrx_word' id='word_1_31' title='bbox 769 862 926 904; x_wconf 90' lang='lat' dir='ltr'>semita</span> <span class='ocrx_word' id='word_1_32' title='bbox 970 878 1068 905; x_wconf 92' lang='lat' dir='ltr'>cum</span> 
     </span>
     <span class='ocr_line' id='line_1_10' title="bbox 265 933 448 988; baseline 0 -14"><span class='ocrx_word' id='word_1_33' title='bbox 265 933 448 988; x_wconf 89' lang='lat' dir='ltr'>pedibus</span> 
     </span>
     <span class='ocr_line' id='line_1_11' title="bbox 207 1005 1067 1060; baseline 0.005 -14"><span class='ocrx_word' id='word_1_34' title='bbox 207 1005 458 1060; x_wconf 80' lang='lat' dir='ltr'>Querquera</span> <span class='ocrx_word' id='word_1_35' title='bbox 486 1008 553 1046; x_wconf 87' lang='lat' dir='ltr'>est</span> <span class='ocrx_word' id='word_1_36' title='bbox 584 1005 721 1047; x_wconf 75' lang='lat' dir='ltr'>febris</span> <span class='ocrx_word' id='word_1_37' title='bbox 752 1007 887 1049; x_wconf 88' lang='lat' dir='ltr'>sacris</span> <span class='ocrx_word' id='word_1_38' title='bbox 916 1023 965 1050; x_wconf 94' lang='lat' dir='ltr'>ac</span> <span class='ocrx_word' id='word_1_39' title='bbox 997 1023 1067 1050; x_wconf 92' lang='lat' dir='ltr'>ue-</span> 
     </span>
     <span class='ocr_line' id='line_1_12' title="bbox 264 1077 1065 1136; baseline 0.005 -18"><span class='ocrx_word' id='word_1_40' title='bbox 264 1077 443 1119; x_wconf 88' lang='lat' dir='ltr'>hemens</span> <span class='ocrx_word' id='word_1_41' title='bbox 466 1077 568 1132; x_wconf 90' lang='lat' dir='ltr'>quia</span> <span class='ocrx_word' id='word_1_42' title='bbox 589 1092 687 1119; x_wconf 91' lang='lat' dir='ltr'>cum</span> <span class='ocrx_word' id='word_1_43' title='bbox 714 1094 874 1135; x_wconf 89' lang='lat' dir='ltr'>magno</span> <span class='ocrx_word' id='word_1_44' title='bbox 902 1080 1065 1136; x_wconf 81' lang='lat' dir='ltr'>frigore</span> 
     </span>
     <span class='ocr_line' id='line_1_13' title="bbox 264 1149 555 1192; baseline 0 -1"><span class='ocrx_word' id='word_1_45' title='bbox 264 1150 376 1192; x_wconf 92' lang='lat' dir='ltr'>solet</span> <span class='ocrx_word' id='word_1_46' title='bbox 407 1149 555 1191; x_wconf 89' lang='lat' dir='ltr'>uenire</span> 
     </span>
     <span class='ocr_line' id='line_1_14' title="bbox 207 1221 777 1271; baseline 0.004 -9"><span class='ocrx_word' id='word_1_47' title='bbox 207 1221 456 1271; x_wconf 82' lang='lat' dir='ltr'>Questuarii</span> <span class='ocrx_word' id='word_1_48' title='bbox 490 1224 777 1265; x_wconf 79' lang='lat' dir='ltr'>mercennarii</span> 
     </span>
     <span class='ocr_line' id='line_1_15' title="bbox 206 1293 622 1348; baseline 0 -13"><span class='ocrx_word' id='word_1_49' title='bbox 206 1293 404 1343; x_wconf 83' lang='lat' dir='ltr'>Queuero</span> <span class='ocrx_word' id='word_1_50' title='bbox 438 1297 622 1348; x_wconf 85' lang='lat' dir='ltr'>potuero</span> 
     </span>
     <span class='ocr_line' id='line_1_16' title="bbox 205 1366 926 1415; baseline 0.004 -8"><span class='ocrx_word' id='word_1_51' title='bbox 205 1366 465 1415; x_wconf 81' lang='lat' dir='ltr'>Questiosus</span> <span class='ocrx_word' id='word_1_52' title='bbox 498 1369 566 1408; x_wconf 90' lang='lat' dir='ltr'>est</span> <span class='ocrx_word' id='word_1_53' title='bbox 599 1370 826 1409; x_wconf 89' lang='lat' dir='ltr'>accusator</span> <span class='ocrx_word' id='word_1_54' title='bbox 859 1371 926 1410; x_wconf 90' lang='lat' dir='ltr'>est</span> 
     </span>
     <span class='ocr_line' id='line_1_17' title="bbox 150 1436 715 1493; baseline 0.009 -18"><span class='ocrx_word' id='word_1_55' title='bbox 150 1452 183 1476; x_wconf 85' lang='lat'>10</span> <span class='ocrx_word' id='word_1_56' title='bbox 204 1436 383 1487; x_wconf 78' lang='lat' dir='ltr'>Quietas</span> <span class='ocrx_word' id='word_1_57' title='bbox 418 1438 715 1493; x_wconf 88' lang='lat' dir='ltr'>tranquillitas</span> 
     </span>
     <span class='ocr_line' id='line_1_18' title="bbox 203 1509 1065 1567; baseline 0.006 -16"><span class='ocrx_word' id='word_1_58' title='bbox 203 1509 328 1559; x_wconf 80' lang='lat' dir='ltr'>Quod</span> <span class='ocrx_word' id='word_1_59' title='bbox 361 1510 397 1551; x_wconf 90' lang='lat' dir='ltr'>si</span> <span class='ocrx_word' id='word_1_60' title='bbox 429 1510 652 1552; x_wconf 89' lang='lat' dir='ltr'>mentirim</span> <span class='ocrx_word' id='word_1_61' title='bbox 686 1512 800 1567; x_wconf 89' lang='lat' dir='ltr'>quod</span> <span class='ocrx_word' id='word_1_62' title='bbox 841 1512 877 1554; x_wconf 92' lang='lat' dir='ltr'>si</span> <span class='ocrx_word' id='word_1_63' title='bbox 911 1514 1065 1556; x_wconf 89' lang='lat' dir='ltr'>menti-</span> 
     </span>
     <span class='ocr_line' id='line_1_19' title="bbox 262 1582 524 1624; baseline -0.004 0"><span class='ocrx_word' id='word_1_64' title='bbox 262 1585 333 1624; x_wconf 90' lang='lat' dir='ltr'>tus</span> <span class='ocrx_word' id='word_1_65' title='bbox 367 1582 524 1624; x_wconf 86' lang='lat' dir='ltr'>fuerim</span> 
     </span>
     <span class='ocr_line' id='line_1_20' title="bbox 202 1653 1065 1714; baseline 0.006 -19"><span class='ocrx_word' id='word_1_66' title='bbox 202 1653 296 1704; x_wconf 79' lang='lat' dir='ltr'>Quo</span> <span class='ocrx_word' id='word_1_67' title='bbox 342 1654 548 1696; x_wconf 88' lang='lat' dir='ltr'>liuamine</span> <span class='ocrx_word' id='word_1_68' title='bbox 594 1670 679 1710; x_wconf 89' lang='lat' dir='ltr'>qua</span> <span class='ocrx_word' id='word_1_69' title='bbox 728 1657 933 1700; x_wconf 89' lang='lat' dir='ltr'>unctione</span> <span class='ocrx_word' id='word_1_70' title='bbox 980 1674 1065 1714; x_wconf 90' lang='lat' dir='ltr'>qua</span> 
     </span>
     <span class='ocr_line' id='line_1_21' title="bbox 262 1726 491 1768; baseline 0 0"><span class='ocrx_word' id='word_1_71' title='bbox 262 1726 491 1768; x_wconf 89' lang='lat' dir='ltr'>maiestate</span> 
     </span>
     <span class='ocr_line' id='line_1_22' title="bbox 202 1798 609 1855; baseline 0.005 -15"><span class='ocrx_word' id='word_1_72' title='bbox 202 1798 390 1848; x_wconf 78' lang='lat' dir='ltr'>Quulina</span> <span class='ocrx_word' id='word_1_73' title='bbox 423 1800 609 1855; x_wconf 82' lang='lat' dir='ltr'>coquina</span> 
     </span>
    </p>
   </div>
   <div class='ocr_carea' id='block_1_4' title="bbox 147 1980 1062 3175">
    <p class='ocr_par' dir='ltr' id='par_1_4' title="bbox 147 1980 1062 3175">
     <span class='ocr_line' id='line_1_23' title="bbox 201 1980 920 2038; baseline 0.004 -15"><span class='ocrx_word' id='word_1_74' title='bbox 201 1980 462 2023; x_wconf 83' lang='lat' dir='ltr'>Rabidiores</span> <span class='ocrx_word' id='word_1_75' title='bbox 496 1981 683 2023; x_wconf 89' lang='lat' dir='ltr'>multum</span> <span class='ocrx_word' id='word_1_76' title='bbox 716 1982 920 2038; x_wconf 83' lang='lat' dir='ltr'>loquaces</span> 
     </span>
     <span class='ocr_line' id='line_1_24' title="bbox 151 2052 581 2095; baseline 0 -1"><span class='ocrx_word' id='word_1_77' title='bbox 151 2065 181 2090; x_wconf 85' lang='lat'>15</span> <span class='ocrx_word' id='word_1_78' title='bbox 202 2052 409 2095; x_wconf 87' lang='lat' dir='ltr'>Rabitere</span> <span class='ocrx_word' id='word_1_79' title='bbox 442 2052 581 2095; x_wconf 90' lang='lat' dir='ltr'>redire</span> 
     </span>
     <span class='ocr_line' id='line_1_25' title="bbox 200 2125 1062 2171; baseline 0.006 -5"><span class='ocrx_word' id='word_1_80' title='bbox 200 2125 413 2167; x_wconf 88' lang='lat' dir='ltr'>Racemus</span> <span class='ocrx_word' id='word_1_81' title='bbox 441 2125 637 2168; x_wconf 87' lang='lat' dir='ltr'>modicus</span> <span class='ocrx_word' id='word_1_82' title='bbox 668 2128 941 2170; x_wconf 81' lang='lat' dir='ltr'>ramusculus</span> <span class='ocrx_word' id='word_1_83' title='bbox 970 2144 1062 2171; x_wconf 92' lang='lat' dir='ltr'>cur-</span> 
     </span>
     <span class='ocr_line' id='line_1_26' title="bbox 260 2198 342 2239; baseline 0 0"><span class='ocrx_word' id='word_1_84' title='bbox 260 2198 342 2239; x_wconf 88' lang='lat' dir='ltr'>bus</span> 
     </span>
     <span class='ocr_line' id='line_1_27' title="bbox 201 2269 1061 2315; baseline 0.007 -5"><span class='ocrx_word' id='word_1_85' title='bbox 201 2269 462 2311; x_wconf 86' lang='lat' dir='ltr'>Radicatum</span> <span class='ocrx_word' id='word_1_86' title='bbox 536 2269 760 2313; x_wconf 89' lang='lat' dir='ltr'>firmatum</span> <span class='ocrx_word' id='word_1_87' title='bbox 831 2272 1061 2315; x_wconf 85' lang='lat' dir='ltr'>fundatum</span> 
     </span>
     <span class='ocr_line' id='line_1_28' title="bbox 263 2339 694 2398; baseline 0.005 -15"><span class='ocrx_word' id='word_1_88' title='bbox 263 2341 391 2398; x_wconf 86' lang='lat' dir='ltr'>(firm.</span> <span class='ocrx_word' id='word_1_89' title='bbox 423 2341 538 2382; x_wconf 88' lang='lat' dir='ltr'>fund.</span> <span class='ocrx_word' id='word_1_90' title='bbox 572 2356 624 2383; x_wconf 81' lang='lat' dir='ltr'>m.</span> <span class='ocrx_word' id='word_1_91' title='bbox 645 2339 694 2398; x_wconf 69' lang='lat'>2)</span> 
     </span>
     <span class='ocr_line' id='line_1_29' title="bbox 201 2414 943 2468; baseline 0.005 -14"><span class='ocrx_word' id='word_1_92' title='bbox 201 2414 418 2455; x_wconf 88' lang='lat' dir='ltr'>Ramenta</span> <span class='ocrx_word' id='word_1_93' title='bbox 450 2414 644 2468; x_wconf 75' lang='lat' dir='ltr'>muscule</span> <span class='ocrx_word' id='word_1_94' title='bbox 678 2415 784 2456; x_wconf 87' lang='lat' dir='ltr'>alibi</span> <span class='ocrx_word' id='word_1_95' title='bbox 816 2416 943 2458; x_wconf 86' lang='lat' dir='ltr'>firma</span> 
     </span>
     <span class='ocr_line' id='line_1_30' title="bbox 202 2484 854 2529; baseline 0.005 -3"><span class='ocrx_word' id='word_1_96' title='bbox 202 2485 439 2527; x_wconf 86' lang='lat' dir='ltr'>Ramnasia</span> <span class='ocrx_word' id='word_1_97' title='bbox 470 2484 550 2527; x_wconf 86' lang='lat' dir='ltr'>hec</span> <span class='ocrx_word' id='word_1_98' title='bbox 584 2487 854 2529; x_wconf 74' lang='lat' dir='ltr'>amatoribus</span> 
     </span>
     <span class='ocr_line' id='line_1_31' title="bbox 147 2556 774 2613; baseline 0.002 -15"><span class='ocrx_word' id='word_1_99' title='bbox 147 2569 181 2594; x_wconf 82' lang='lat'>20</span> <span class='ocrx_word' id='word_1_100' title='bbox 202 2557 447 2600; x_wconf 83' lang='lat' dir='ltr'>Rastellum</span> <span class='ocrx_word' id='word_1_101' title='bbox 478 2556 569 2612; x_wconf 91' lang='lat' dir='ltr'>ligo</span> <span class='ocrx_word' id='word_1_102' title='bbox 602 2556 774 2613; x_wconf 90' lang='lat' dir='ltr'>ligneus</span> 
     </span>
     <span class='ocr_line' id='line_1_32' title="bbox 202 2629 481 2671; baseline -0.004 0"><span class='ocrx_word' id='word_1_103' title='bbox 202 2629 349 2671; x_wconf 89' lang='lat' dir='ltr'>Rasile</span> <span class='ocrx_word' id='word_1_104' title='bbox 384 2632 481 2670; x_wconf 86' lang='lat' dir='ltr'>asta</span> 
     </span>
     <span class='ocr_line' id='line_1_33' title="bbox 201 2701 695 2744; baseline -0.002 0"><span class='ocrx_word' id='word_1_105' title='bbox 201 2701 478 2744; x_wconf 86' lang='lat' dir='ltr'>Rarimantes</span> <span class='ocrx_word' id='word_1_106' title='bbox 512 2701 695 2743; x_wconf 87' lang='lat' dir='ltr'>ritantes</span> 
     </span>
     <span class='ocr_line' id='line_1_34' title="bbox 200 2773 780 2816; baseline 0.002 -1"><span class='ocrx_word' id='word_1_107' title='bbox 200 2773 457 2815; x_wconf 85' lang='lat' dir='ltr'>Rarimenta</span> <span class='ocrx_word' id='word_1_108' title='bbox 489 2773 780 2816; x_wconf 85' lang='lat' dir='ltr'>interamenta</span> 
     </span>
     <span class='ocr_line' id='line_1_35' title="bbox 203 2845 1061 2890; baseline 0.003 -3"><span class='ocrx_word' id='word_1_109' title='bbox 203 2845 454 2888; x_wconf 89' lang='lat' dir='ltr'>Raucifiuus</span> <span class='ocrx_word' id='word_1_110' title='bbox 479 2860 654 2887; x_wconf 90' lang='lat' dir='ltr'>raucem</span> <span class='ocrx_word' id='word_1_111' title='bbox 675 2845 879 2889; x_wconf 89' lang='lat' dir='ltr'>emittens</span> <span class='ocrx_word' id='word_1_112' title='bbox 908 2862 1061 2890; x_wconf 91' lang='lat' dir='ltr'>uocem</span> 
     </span>
     <span class='ocr_line' id='line_1_36' title="bbox 149 2915 509 2973; baseline 0.003 -16"><span class='ocrx_word' id='word_1_113' title='bbox 149 2927 183 2953; x_wconf 78' lang='lat'>25</span> <span class='ocrx_word' id='word_1_114' title='bbox 203 2915 385 2958; x_wconf 85' lang='lat' dir='ltr'>Recenti</span> <span class='ocrx_word' id='word_1_115' title='bbox 417 2917 509 2973; x_wconf 89' lang='lat' dir='ltr'>iugi</span> 
     </span>
     <span class='ocr_line' id='line_1_37' title="bbox 203 2987 664 3031; baseline 0.004 -2"><span class='ocrx_word' id='word_1_116' title='bbox 203 2987 428 3030; x_wconf 85' lang='lat' dir='ltr'>Recellens</span> <span class='ocrx_word' id='word_1_117' title='bbox 461 2989 664 3031; x_wconf 84' lang='lat' dir='ltr'>recedens</span> 
     </span>
     <span class='ocr_line' id='line_1_38' title="bbox 202 3058 895 3116; baseline 0.006 -17"><span class='ocrx_word' id='word_1_118' title='bbox 202 3058 432 3101; x_wconf 87' lang='lat' dir='ltr'>Recidiora</span> <span class='ocrx_word' id='word_1_119' title='bbox 465 3061 661 3103; x_wconf 88' lang='lat' dir='ltr'>rediuiua</span> <span class='ocrx_word' id='word_1_120' title='bbox 694 3065 895 3116; x_wconf 88' lang='lat' dir='ltr'>reparata</span> 
     </span>
     <span class='ocr_line' id='line_1_39' title="bbox 203 3128 758 3175; baseline 0.007 -4"><span class='ocrx_word' id='word_1_121' title='bbox 203 3128 403 3173; x_wconf 84' lang='lat' dir='ltr'>Recitare</span> <span class='ocrx_word' id='word_1_122' title='bbox 436 3133 758 3175; x_wconf 89' lang='lat' dir='ltr'>reconsiderare</span> 
     </span>
    </p>
   </div>
   <div class='ocr_carea' id='block_1_5' title="bbox 614 137 1555 176">
    <p class='ocr_par' dir='ltr' id='par_1_5' title="bbox 614 137 1555 176">
     <span class='ocr_line' id='line_1_40' title="bbox 614 137 1555 176; baseline 0.005 -5"><span class='ocrx_word' id='word_1_123' title='bbox 614 137 870 172; x_wconf 82' lang='lat' dir='ltr'>EXCERPTA</span> <span class='ocrx_word' id='word_1_124' title='bbox 895 137 961 172; x_wconf 89' lang='lat' dir='ltr'>EX</span> <span class='ocrx_word' id='word_1_125' title='bbox 988 137 1160 174; x_wconf 79' lang='lat' dir='ltr'>CODIOE</span> <span class='ocrx_word' id='word_1_126' title='bbox 1187 139 1436 175; x_wconf 83' lang='lat' dir='ltr'><strong>VATICANO</strong></span> <span class='ocrx_word' id='word_1_127' title='bbox 1464 144 1555 176; x_wconf 88' lang='grc'>1468</span> 
     </span>
    </p>
   </div>
   <div class='ocr_carea' id='block_1_6' title="bbox 1105 248 1968 958">
    <p class='ocr_par' dir='ltr' id='par_1_6' title="bbox 1109 248 1968 309">
     <span class='ocr_line' id='line_1_41' title="bbox 1109 248 1968 309; baseline 0.006 -19"><span class='ocrx_word' id='word_1_128' title='bbox 1109 248 1426 304; x_wconf 86' lang='lat' dir='ltr'>Reciprocatur</span> <span class='ocrx_word' id='word_1_129' title='bbox 1452 249 1527 305; x_wconf 89' lang='lat' dir='ltr'>qui</span> <span class='ocrx_word' id='word_1_130' title='bbox 1560 251 1633 292; x_wconf 87' lang='lat' dir='ltr'>dat</span> <span class='ocrx_word' id='word_1_131' title='bbox 1660 252 1774 306; x_wconf 89' lang='lat' dir='ltr'>quod</span> <span class='ocrx_word' id='word_1_132' title='bbox 1801 253 1968 309; x_wconf 86' lang='lat' dir='ltr'>accepit</span> 
     </span>
    </p>

    <p class='ocr_par' dir='ltr' id='par_1_7' title="bbox 1109 320 1709 378">
     <span class='ocr_line' id='line_1_42' title="bbox 1109 320 1709 378; baseline 0.003 -16"><span class='ocrx_word' id='word_1_133' title='bbox 1109 320 1387 377; x_wconf 89' lang='lat' dir='ltr'>Recognatus</span> <span class='ocrx_word' id='word_1_134' title='bbox 1420 322 1536 364; x_wconf 86' lang='lat' dir='ltr'>filius</span> <span class='ocrx_word' id='word_1_135' title='bbox 1569 323 1709 378; x_wconf 87' lang='lat' dir='ltr'>patris</span> 
     </span>
    </p>

    <p class='ocr_par' dir='ltr' id='par_1_8' title="bbox 1108 393 1966 450">
     <span class='ocr_line' id='line_1_43' title="bbox 1108 393 1966 450; baseline 0.005 -16"><span class='ocrx_word' id='word_1_136' title='bbox 1108 393 1378 449; x_wconf 87' lang='lat' dir='ltr'>Recognitus</span> <span class='ocrx_word' id='word_1_137' title='bbox 1391 394 1443 436; x_wconf 83' lang='lat' dir='ltr'>ad</span> <span class='ocrx_word' id='word_1_138' title='bbox 1456 395 1755 450; x_wconf 82' lang='lat' dir='ltr'>cognitionem</span> <span class='ocrx_word' id='word_1_139' title='bbox 1767 410 1966 438; x_wconf 87' lang='lat' dir='ltr'>reuersus</span> 
     </span>
    </p>

    <p class='ocr_par' dir='ltr' id='par_1_9' title="bbox 1106 464 1814 509">
     <span class='ocr_line' id='line_1_44' title="bbox 1106 464 1814 509; baseline 0.004 -3"><span class='ocrx_word' id='word_1_140' title='bbox 1106 464 1399 508; x_wconf 89' lang='lat' dir='ltr'>Reconsidera</span> <span class='ocrx_word' id='word_1_141' title='bbox 1432 466 1588 508; x_wconf 90' lang='lat' dir='ltr'>melius</span> <span class='ocrx_word' id='word_1_142' title='bbox 1622 470 1814 509; x_wconf 88' lang='lat' dir='ltr'>retracta</span> 
     </span>
    </p>

    <p class='ocr_par' dir='ltr' id='par_1_10' title="bbox 1105 536 1607 580">
     <span class='ocr_line' id='line_1_45' title="bbox 1105 536 1607 580; baseline 0.004 -2"><span class='ocrx_word' id='word_1_143' title='bbox 1105 536 1226 578; x_wconf 89' lang='lat' dir='ltr'>Reda</span> <span class='ocrx_word' id='word_1_144' title='bbox 1259 553 1410 580; x_wconf 88' lang='lat' dir='ltr'>currus</span> <span class='ocrx_word' id='word_1_145' title='bbox 1443 539 1607 580; x_wconf 86' lang='lat' dir='ltr'>theatri</span> 
     </span>
    </p>

    <p class='ocr_par' dir='ltr' id='par_1_11' title="bbox 1105 609 1942 668">
     <span class='ocr_line' id='line_1_46' title="bbox 1105 609 1942 668; baseline 0.004 -18"><span class='ocrx_word' id='word_1_146' title='bbox 1105 609 1321 652; x_wconf 88' lang='lat' dir='ltr'>Redamat</span> <span class='ocrx_word' id='word_1_147' title='bbox 1355 613 1575 653; x_wconf 87' lang='lat' dir='ltr'>amantem</span> <span class='ocrx_word' id='word_1_148' title='bbox 1609 614 1760 653; x_wconf 90' lang='lat' dir='ltr'>mutuo</span> <span class='ocrx_word' id='word_1_149' title='bbox 1795 612 1942 668; x_wconf 80' lang='lat' dir='ltr'>diligit</span> 
     </span>
    </p>

    <p class='ocr_par' dir='ltr' id='par_1_12' title="bbox 1105 682 1871 738">
     <span class='ocr_line' id='line_1_47' title="bbox 1105 682 1871 738; baseline 0.003 -15"><span class='ocrx_word' id='word_1_150' title='bbox 1105 682 1319 724; x_wconf 80' lang='lat' dir='ltr'>Rediebat</span> <span class='ocrx_word' id='word_1_151' title='bbox 1351 683 1588 738; x_wconf 86' lang='lat' dir='ltr'>repedabat</span> <span class='ocrx_word' id='word_1_152' title='bbox 1621 683 1871 725; x_wconf 89' lang='lat' dir='ltr'>reuertebat</span> 
     </span>
    </p>

    <p class='ocr_par' dir='ltr' id='par_1_13' title="bbox 1106 754 1967 870">
     <span class='ocr_line' id='line_1_48' title="bbox 1106 754 1967 798; baseline 0.001 -3"><span class='ocrx_word' id='word_1_153' title='bbox 1106 754 1369 797; x_wconf 84' lang='lat' dir='ltr'>Rediuiuum</span> <span class='ocrx_word' id='word_1_154' title='bbox 1390 771 1415 797; x_wconf 89' lang='lat' dir='ltr'>a</span> <span class='ocrx_word' id='word_1_155' title='bbox 1434 758 1574 797; x_wconf 92' lang='lat' dir='ltr'>morte</span> <span class='ocrx_word' id='word_1_156' title='bbox 1600 758 1676 797; x_wconf 92' lang='lat' dir='ltr'>aut</span> <span class='ocrx_word' id='word_1_157' title='bbox 1701 770 1726 796; x_wconf 92' lang='lat' dir='ltr'>a</span> <span class='ocrx_word' id='word_1_158' title='bbox 1744 757 1967 798; x_wconf 84' lang='lat' dir='ltr'>uetustate</span> 
     </span>
     <span class='ocr_line' id='line_1_49' title="bbox 1167 830 1419 870; baseline 0.008 -2"><span class='ocrx_word' id='word_1_159' title='bbox 1167 830 1419 870; x_wconf 85' lang='lat' dir='ltr'>reuocatum</span> 
     </span>
    </p>

    <p class='ocr_par' dir='ltr' id='par_1_14' title="bbox 1106 898 1967 958">
     <span class='ocr_line' id='line_1_50' title="bbox 1106 898 1967 958; baseline 0 -18"><span class='ocrx_word' id='word_1_160' title='bbox 1106 898 1389 942; x_wconf 86' lang='lat' dir='ltr'>Redibulatio</span> <span class='ocrx_word' id='word_1_161' title='bbox 1437 898 1489 958; x_wconf 85' lang='lat' dir='ltr'>(b</span> <span class='ocrx_word' id='word_1_162' title='bbox 1522 915 1572 943; x_wconf 70' lang='lat' dir='ltr'>ex</span> <span class='ocrx_word' id='word_1_163' title='bbox 1609 916 1638 942; x_wconf 89' lang='lat' dir='ltr'>u</span> <span class='ocrx_word' id='word_1_164' title='bbox 1673 898 1795 956; x_wconf 77' lang='lat' dir='ltr'>corr.)</span> <span class='ocrx_word' id='word_1_165' title='bbox 1841 899 1967 942; x_wconf 84' lang='lat' dir='ltr'>retri-</span> 
     </span>
    </p>
   </div>
   <div class='ocr_carea' id='block_1_7' title="bbox 1104 972 1588 1099">
    <p class='ocr_par' dir='ltr' id='par_1_15' title="bbox 1104 972 1588 1099">
     <span class='ocr_line' id='line_1_51' title="bbox 1164 972 1333 1014; baseline 0.006 -1"><span class='ocrx_word' id='word_1_166' title='bbox 1164 972 1333 1014; x_wconf 87' lang='lat' dir='ltr'>bulatio</span> 
     </span>
     <span class='ocr_line' id='line_1_52' title="bbox 1104 1042 1588 1099; baseline 0.004 -15"><span class='ocrx_word' id='word_1_167' title='bbox 1104 1042 1385 1099; x_wconf 84' lang='lat' dir='ltr'>Refragrauit</span> <span class='ocrx_word' id='word_1_168' title='bbox 1416 1043 1588 1086; x_wconf 83' lang='lat' dir='ltr'>refrixit</span> 
     </span>
    </p>
   </div>
   <div class='ocr_carea' id='block_1_8' title="bbox 1987 337 2022 362">
    <p class='ocr_par' dir='ltr' id='par_1_16' title="bbox 1987 337 2022 362">
     <span class='ocr_line' id='line_1_53' title="bbox 1987 337 2022 362; baseline 0 0"><span class='ocrx_word' id='word_1_169' title='bbox 1987 337 2022 362; x_wconf 89' lang='lat'>30</span> 
     </span>
    </p>
   </div>
   <div class='ocr_carea' id='block_1_9' title="bbox 1986 697 2021 722">
    <p class='ocr_par' dir='ltr' id='par_1_17' title="bbox 1986 697 2021 722">
     <span class='ocr_line' id='line_1_54' title="bbox 1986 697 2021 722; baseline 0 0"><span class='ocrx_word' id='word_1_170' title='bbox 1986 697 2021 722; x_wconf 85' lang='lat'>35</span> 
     </span>
    </p>
   </div>
   <div class='ocr_carea' id='block_1_10' title="bbox 1099 1114 2018 3175">
    <p class='ocr_par' dir='ltr' id='par_1_18' title="bbox 1104 1114 1808 1159">
     <span class='ocr_line' id='line_1_55' title="bbox 1104 1114 1808 1159; baseline 0.003 -3"><span class='ocrx_word' id='word_1_171' title='bbox 1104 1114 1310 1158; x_wconf 87' lang='lat' dir='ltr'>Reflectit</span> <span class='ocrx_word' id='word_1_172' title='bbox 1340 1116 1545 1159; x_wconf 88' lang='lat' dir='ltr'>incurbat</span> <span class='ocrx_word' id='word_1_173' title='bbox 1576 1116 1808 1158; x_wconf 88' lang='lat' dir='ltr'>reinclinat</span> 
     </span>
    </p>

    <p class='ocr_par' dir='ltr' id='par_1_19' title="bbox 1104 1187 1886 1231">
     <span class='ocr_line' id='line_1_56' title="bbox 1104 1187 1886 1231; baseline 0 -2"><span class='ocrx_word' id='word_1_174' title='bbox 1104 1187 1300 1230; x_wconf 86' lang='lat' dir='ltr'>Refricat</span> <span class='ocrx_word' id='word_1_175' title='bbox 1334 1189 1473 1230; x_wconf 85' lang='lat' dir='ltr'>denuo</span> <span class='ocrx_word' id='word_1_176' title='bbox 1506 1191 1671 1230; x_wconf 89' lang='lat' dir='ltr'>tractat</span> <span class='ocrx_word' id='word_1_177' title='bbox 1703 1190 1886 1231; x_wconf 89' lang='lat' dir='ltr'>renouat</span> 
     </span>
    </p>

    <p class='ocr_par' dir='ltr' id='par_1_20' title="bbox 1104 1259 1554 1316">
     <span class='ocr_line' id='line_1_57' title="bbox 1104 1259 1554 1316; baseline 0.002 -15"><span class='ocrx_word' id='word_1_178' title='bbox 1104 1259 1297 1316; x_wconf 87' lang='lat' dir='ltr'>Refugat</span> <span class='ocrx_word' id='word_1_179' title='bbox 1330 1263 1554 1316; x_wconf 86' lang='lat' dir='ltr'>apostatat</span> 
     </span>
    </p>

    <p class='ocr_par' dir='ltr' id='par_1_21' title="bbox 1103 1330 1535 1375">
     <span class='ocr_line' id='line_1_58' title="bbox 1103 1330 1535 1375; baseline 0.005 -3"><span class='ocrx_word' id='word_1_180' title='bbox 1103 1330 1302 1373; x_wconf 88' lang='lat' dir='ltr'>Relicina</span> <span class='ocrx_word' id='word_1_181' title='bbox 1333 1333 1535 1375; x_wconf 87' lang='lat' dir='ltr'>subrecta</span> 
     </span>
    </p>

    <p class='ocr_par' dir='ltr' id='par_1_22' title="bbox 1103 1402 1510 1447">
     <span class='ocr_line' id='line_1_59' title="bbox 1103 1402 1510 1447; baseline 0.007 -3"><span class='ocrx_word' id='word_1_182' title='bbox 1103 1402 1263 1445; x_wconf 72' lang='grc'>*36160</span> <span class='ocrx_word' id='word_1_183' title='bbox 1296 1405 1510 1447; x_wconf 82' lang='grc'>1611101101</span> 
     </span>
    </p>

    <p class='ocr_par' dir='ltr' id='par_1_23' title="bbox 1102 1474 1888 1520">
     <span class='ocr_line' id='line_1_60' title="bbox 1102 1474 1888 1520; baseline 0.004 -4"><span class='ocrx_word' id='word_1_184' title='bbox 1102 1474 1346 1518; x_wconf 86' lang='lat' dir='ltr'>Remodera</span> <span class='ocrx_word' id='word_1_185' title='bbox 1380 1477 1618 1518; x_wconf 86' lang='lat' dir='ltr'>remotiora</span> <span class='ocrx_word' id='word_1_186' title='bbox 1651 1477 1888 1520; x_wconf 86' lang='lat' dir='ltr'>secretiora</span> 
     </span>
    </p>

    <p class='ocr_par' dir='ltr' id='par_1_24' title="bbox 1103 1547 1578 1590">
     <span class='ocr_line' id='line_1_61' title="bbox 1103 1547 1578 1590; baseline 0.002 -1"><span class='ocrx_word' id='word_1_187' title='bbox 1103 1547 1337 1590; x_wconf 88' lang='lat' dir='ltr'>Remolens</span> <span class='ocrx_word' id='word_1_188' title='bbox 1371 1549 1578 1590; x_wconf 84' lang='lat' dir='ltr'>reducens</span> 
     </span>
    </p>

    <p class='ocr_par' dir='ltr' id='par_1_25' title="bbox 1103 1618 1964 1749">
     <span class='ocr_line' id='line_1_62' title="bbox 1103 1618 1964 1677; baseline 0.001 -16"><span class='ocrx_word' id='word_1_189' title='bbox 1103 1618 1312 1662; x_wconf 88' lang='lat' dir='ltr'>Remolus</span> <span class='ocrx_word' id='word_1_190' title='bbox 1345 1635 1491 1663; x_wconf 89' lang='lat' dir='ltr'>remus</span> <span class='ocrx_word' id='word_1_191' title='bbox 1526 1620 1662 1663; x_wconf 85' lang='lat' dir='ltr'>frater</span> <span class='ocrx_word' id='word_1_192' title='bbox 1691 1621 1849 1663; x_wconf 87' lang='lat' dir='ltr'>romuli</span> <span class='ocrx_word' id='word_1_193' title='bbox 1883 1619 1964 1677; x_wconf 86' lang='lat' dir='ltr'>(re—</span> 
     </span>
     <span class='ocr_line' id='line_1_63' title="bbox 1162 1691 1654 1749; baseline 0.002 -16"><span class='ocrx_word' id='word_1_194' title='bbox 1162 1707 1258 1734; x_wconf 90' lang='lat' dir='ltr'>mus</span> <span class='ocrx_word' id='word_1_195' title='bbox 1279 1718 1336 1722; x_wconf 84' lang='lat'><strong>—</strong></span> <span class='ocrx_word' id='word_1_196' title='bbox 1357 1708 1463 1735; x_wconf 91' lang='lat' dir='ltr'>rom.</span> <span class='ocrx_word' id='word_1_197' title='bbox 1495 1694 1549 1735; x_wconf 77' lang='lat' dir='ltr'>al.</span> <span class='ocrx_word' id='word_1_198' title='bbox 1582 1691 1654 1749; x_wconf 82' lang='lat' dir='ltr'>m.)</span> 
     </span>
    </p>

    <p class='ocr_par' dir='ltr' id='par_1_26' title="bbox 1104 1762 1881 1822">
     <span class='ocr_line' id='line_1_64' title="bbox 1104 1762 1881 1822; baseline 0.003 -17"><span class='ocrx_word' id='word_1_199' title='bbox 1104 1763 1349 1806; x_wconf 89' lang='lat' dir='ltr'>Remullius</span> <span class='ocrx_word' id='word_1_200' title='bbox 1383 1767 1610 1820; x_wconf 89' lang='lat' dir='ltr'>reparator</span> <span class='ocrx_word' id='word_1_201' title='bbox 1643 1763 1734 1820; x_wconf 80' lang='lat' dir='ltr'>(tor</span> <span class='ocrx_word' id='word_1_202' title='bbox 1765 1762 1881 1822; x_wconf 69' lang='lat' dir='ltr'>m.,2)</span> 
     </span>
    </p>

    <p class='ocr_par' dir='ltr' id='par_1_27' title="bbox 1101 1834 1824 1892">
     <span class='ocr_line' id='line_1_65' title="bbox 1101 1834 1824 1892; baseline 0.001 -15"><span class='ocrx_word' id='word_1_203' title='bbox 1101 1834 1290 1879; x_wconf 86' lang='lat' dir='ltr'>Remillo</span> <span class='ocrx_word' id='word_1_204' title='bbox 1325 1837 1513 1892; x_wconf 88' lang='lat' dir='ltr'>rependo</span> <span class='ocrx_word' id='word_1_205' title='bbox 1548 1840 1592 1878; x_wconf 91' lang='lat' dir='ltr'>et</span> <span class='ocrx_word' id='word_1_206' title='bbox 1624 1837 1824 1892; x_wconf 87' lang='lat' dir='ltr'>pronubo</span> 
     </span>
    </p>

    <p class='ocr_par' dir='ltr' id='par_1_28' title="bbox 1103 1907 1964 2035">
     <span class='ocr_line' id='line_1_66' title="bbox 1103 1907 1964 1952; baseline 0 -2"><span class='ocrx_word' id='word_1_207' title='bbox 1103 1907 1398 1951; x_wconf 48' lang='grc' dir='ltr'>ἧς3616616661</span> <span class='ocrx_word' id='word_1_208' title='bbox 1431 1923 1529 1951; x_wconf 89' lang='grc'>66111</span> <span class='ocrx_word' id='word_1_209' title='bbox 1563 1909 1680 1951; x_wconf 87' lang='lat' dir='ltr'>scafa</span> <span class='ocrx_word' id='word_1_210' title='bbox 1714 1909 1767 1952; x_wconf 87' lang='lat' dir='ltr'>ad</span> <span class='ocrx_word' id='word_1_211' title='bbox 1805 1923 1964 1951; x_wconf 84' lang='lat' dir='ltr'>nauem</span> 
     </span>
     <span class='ocr_line' id='line_1_67' title="bbox 1162 1981 1406 2035; baseline -0.004 -12"><span class='ocrx_word' id='word_1_212' title='bbox 1162 1981 1406 2035; x_wconf 86' lang='lat' dir='ltr'>perducunt</span> 
     </span>
    </p>

    <p class='ocr_par' dir='ltr' id='par_1_29' title="bbox 1101 2051 2018 2167">
     <span class='ocr_line' id='line_1_68' title="bbox 1101 2051 2018 2109; baseline -0.002 -16"><span class='ocrx_word' id='word_1_213' title='bbox 1101 2051 1325 2094; x_wconf 72' lang='grc'>*36161168</span> <span class='ocrx_word' id='word_1_214' title='bbox 1341 2053 1625 2108; x_wconf 87' lang='lat' dir='ltr'>repandusius</span> <span class='ocrx_word' id='word_1_215' title='bbox 1645 2068 1872 2096; x_wconf 87' lang='lat' dir='ltr'>remanens</span> <span class='ocrx_word' id='word_1_216' title='bbox 1887 2067 1964 2109; x_wconf 86' lang='lat' dir='ltr'>per</span> <span class='ocrx_word' id='word_1_217' title='bbox 1982 2064 2018 2092; x_wconf 87' lang='lat'>50</span> 
     </span>
     <span class='ocr_line' id='line_1_69' title="bbox 1160 2124 1351 2167; baseline 0 -1"><span class='ocrx_word' id='word_1_218' title='bbox 1160 2139 1246 2166; x_wconf 86' lang='lat' dir='ltr'>una</span> <span class='ocrx_word' id='word_1_219' title='bbox 1277 2124 1351 2167; x_wconf 87' lang='lat' dir='ltr'>uia</span> 
     </span>
    </p>

    <p class='ocr_par' dir='ltr' id='par_1_30' title="bbox 1100 2193 1812 2253">
     <span class='ocr_line' id='line_1_70' title="bbox 1100 2193 1812 2253; baseline 0.001 -15"><span class='ocrx_word' id='word_1_220' title='bbox 1100 2193 1327 2239; x_wconf 67' lang='grc'>*36110668</span> <span class='ocrx_word' id='word_1_221' title='bbox 1360 2199 1506 2240; x_wconf 90' lang='lat' dir='ltr'>uestes</span> <span class='ocrx_word' id='word_1_222' title='bbox 1541 2198 1591 2239; x_wconf 91' lang='lat' dir='ltr'>de</span> <span class='ocrx_word' id='word_1_223' title='bbox 1623 2197 1812 2253; x_wconf 88' lang='lat' dir='ltr'>pellibus</span> 
     </span>
    </p>

    <p class='ocr_par' dir='ltr' id='par_1_31' title="bbox 1100 2268 1963 2325">
     <span class='ocr_line' id='line_1_71' title="bbox 1100 2268 1963 2325; baseline 0.002 -16"><span class='ocrx_word' id='word_1_224' title='bbox 1100 2268 1328 2325; x_wconf 84' lang='lat' dir='ltr'>Repagula</span> <span class='ocrx_word' id='word_1_225' title='bbox 1342 2269 1521 2324; x_wconf 89' lang='lat' dir='ltr'>pudoris</span> <span class='ocrx_word' id='word_1_226' title='bbox 1538 2270 1731 2312; x_wconf 89' lang='lat' dir='ltr'>claustra</span> <span class='ocrx_word' id='word_1_227' title='bbox 1746 2269 1963 2312; x_wconf 89' lang='lat' dir='ltr'>castitatis</span> 
     </span>
    </p>

    <p class='ocr_par' dir='ltr' id='par_1_32' title="bbox 1099 2339 1784 2396">
     <span class='ocr_line' id='line_1_72' title="bbox 1099 2339 1784 2396; baseline 0.003 -15"><span class='ocrx_word' id='word_1_228' title='bbox 1099 2339 1332 2395; x_wconf 86' lang='lat' dir='ltr'>Repatriat</span> <span class='ocrx_word' id='word_1_229' title='bbox 1365 2341 1418 2383; x_wconf 90' lang='lat' dir='ltr'>ad</span> <span class='ocrx_word' id='word_1_230' title='bbox 1452 2341 1640 2396; x_wconf 89' lang='lat' dir='ltr'>patriam</span> <span class='ocrx_word' id='word_1_231' title='bbox 1672 2341 1784 2383; x_wconf 90' lang='lat' dir='ltr'>redit</span> 
     </span>
    </p>

    <p class='ocr_par' dir='ltr' id='par_1_33' title="bbox 1100 2410 1962 2467">
     <span class='ocr_line' id='line_1_73' title="bbox 1100 2410 1962 2467; baseline 0.002 -14"><span class='ocrx_word' id='word_1_232' title='bbox 1100 2410 1320 2467; x_wconf 83' lang='lat' dir='ltr'>Replatha</span> <span class='ocrx_word' id='word_1_233' title='bbox 1341 2413 1577 2455; x_wconf 88' lang='lat' dir='ltr'>reuertitur</span> <span class='ocrx_word' id='word_1_234' title='bbox 1598 2414 1644 2456; x_wconf 88' lang='lat' dir='ltr'>in</span> <span class='ocrx_word' id='word_1_235' title='bbox 1663 2413 1802 2455; x_wconf 87' lang='lat' dir='ltr'>latino</span> <span class='ocrx_word' id='word_1_236' title='bbox 1823 2413 1962 2455; x_wconf 83' lang='lat' dir='ltr'>multa</span> 
     </span>
    </p>

    <p class='ocr_par' dir='ltr' id='par_1_34' title="bbox 1100 2482 2017 2539">
     <span class='ocr_line' id='line_1_74' title="bbox 1100 2482 2017 2539; baseline 0.004 -15"><span class='ocrx_word' id='word_1_237' title='bbox 1100 2482 1360 2539; x_wconf 87' lang='lat' dir='ltr'>Reppudula</span> <span class='ocrx_word' id='word_1_238' title='bbox 1394 2485 1632 2527; x_wconf 87' lang='lat' dir='ltr'>ranuncula</span> <span class='ocrx_word' id='word_1_239' title='bbox 1983 2497 2017 2522; x_wconf 80' lang='lat'>55</span> 
     </span>
    </p>

    <p class='ocr_par' dir='ltr' id='par_1_35' title="bbox 1100 2554 1961 2670">
     <span class='ocr_line' id='line_1_75' title="bbox 1100 2554 1961 2611; baseline 0.003 -15"><span class='ocrx_word' id='word_1_240' title='bbox 1100 2554 1264 2611; x_wconf 86' lang='lat' dir='ltr'>Reptat</span> <span class='ocrx_word' id='word_1_241' title='bbox 1293 2571 1391 2599; x_wconf 92' lang='lat' dir='ltr'>cum</span> <span class='ocrx_word' id='word_1_242' title='bbox 1423 2557 1491 2598; x_wconf 89' lang='lat' dir='ltr'>bis</span> <span class='ocrx_word' id='word_1_243' title='bbox 1523 2556 1638 2598; x_wconf 82' lang='lat' dir='ltr'>binis</span> <span class='ocrx_word' id='word_1_244' title='bbox 1664 2556 1848 2611; x_wconf 86' lang='lat' dir='ltr'>pedibus</span> <span class='ocrx_word' id='word_1_245' title='bbox 1876 2572 1961 2599; x_wconf 89' lang='lat' dir='ltr'>am-</span> 
     </span>
     <span class='ocr_line' id='line_1_76' title="bbox 1160 2628 1284 2670; baseline 0 -1"><span class='ocrx_word' id='word_1_246' title='bbox 1160 2628 1284 2670; x_wconf 88' lang='lat' dir='ltr'>bulat</span> 
     </span>
    </p>

    <p class='ocr_par' dir='ltr' id='par_1_36' title="bbox 1100 2698 1959 2756">
     <span class='ocr_line' id='line_1_77' title="bbox 1100 2698 1959 2756; baseline 0.001 -15"><span class='ocrx_word' id='word_1_247' title='bbox 1100 2698 1398 2756; x_wconf 71' lang='lat' dir='ltr'>*Repurgium</span> <span class='ocrx_word' id='word_1_248' title='bbox 1426 2700 1679 2756; x_wconf 85' lang='lat' dir='ltr'>repurgatio</span> <span class='ocrx_word' id='word_1_249' title='bbox 1707 2700 1959 2742; x_wconf 85' lang='lat' dir='ltr'>emundatio</span> 
     </span>
    </p>

    <p class='ocr_par' dir='ltr' id='par_1_37' title="bbox 1099 2771 1822 2828">
     <span class='ocr_line' id='line_1_78' title="bbox 1099 2771 1822 2828; baseline 0.001 -15"><span class='ocrx_word' id='word_1_250' title='bbox 1099 2771 1215 2814; x_wconf 88' lang='grc'>3616</span> <span class='ocrx_word' id='word_1_251' title='bbox 1247 2772 1391 2828; x_wconf 88' lang='lat' dir='ltr'>girum</span> <span class='ocrx_word' id='word_1_252' title='bbox 1424 2787 1535 2827; x_wconf 72' lang='lat' dir='ltr'>aque</span> <span class='ocrx_word' id='word_1_253' title='bbox 1567 2771 1613 2813; x_wconf 87' lang='lat' dir='ltr'>in</span> <span class='ocrx_word' id='word_1_254' title='bbox 1645 2771 1822 2814; x_wconf 89' lang='lat' dir='ltr'>flumine</span> 
     </span>
    </p>

    <p class='ocr_par' dir='ltr' id='par_1_38' title="bbox 1100 2843 1961 2971">
     <span class='ocr_line' id='line_1_79' title="bbox 1100 2843 1961 2899; baseline -0.001 -13"><span class='ocrx_word' id='word_1_255' title='bbox 1100 2843 1264 2886; x_wconf 86' lang='lat' dir='ltr'>Rerum</span> <span class='ocrx_word' id='word_1_256' title='bbox 1291 2843 1525 2886; x_wconf 86' lang='lat' dir='ltr'>arbitrium</span> <span class='ocrx_word' id='word_1_257' title='bbox 1551 2845 1595 2885; x_wconf 89' lang='lat' dir='ltr'>et</span> <span class='ocrx_word' id='word_1_258' title='bbox 1621 2845 1687 2885; x_wconf 88' lang='lat' dir='ltr'>est</span> <span class='ocrx_word' id='word_1_259' title='bbox 1712 2843 1857 2885; x_wconf 86' lang='lat' dir='ltr'>neutri</span> <span class='ocrx_word' id='word_1_260' title='bbox 1889 2857 1961 2899; x_wconf 89' lang='lat' dir='ltr'>ge-</span> 
     </span>
     <span class='ocr_line' id='line_1_80' title="bbox 1159 2913 1791 2971; baseline 0.002 -14"><span class='ocrx_word' id='word_1_261' title='bbox 1159 2915 1275 2957; x_wconf 88' lang='lat' dir='ltr'>neris</span> <span class='ocrx_word' id='word_1_262' title='bbox 1310 2915 1372 2971; x_wconf 84' lang='lat' dir='ltr'>(et</span> <span class='ocrx_word' id='word_1_263' title='bbox 1398 2940 1445 2944; x_wconf 93' lang='lat'><em>-</em></span> <span class='ocrx_word' id='word_1_264' title='bbox 1472 2914 1643 2971; x_wconf 86' lang='lat' dir='ltr'>generis</span> <span class='ocrx_word' id='word_1_265' title='bbox 1676 2913 1791 2971; x_wconf 66' lang='lat' dir='ltr'>mZ)</span> 
     </span>
    </p>

    <p class='ocr_par' dir='ltr' id='par_1_39' title="bbox 1100 2985 1606 3029">
     <span class='ocr_line' id='line_1_81' title="bbox 1100 2985 1606 3029; baseline 0 -1"><span class='ocrx_word' id='word_1_266' title='bbox 1100 2986 1379 3029; x_wconf 85' lang='lat' dir='ltr'>Resendabat</span> <span class='ocrx_word' id='word_1_267' title='bbox 1410 2985 1606 3028; x_wconf 86' lang='lat' dir='ltr'>rediebat</span> 
     </span>
    </p>

    <p class='ocr_par' dir='ltr' id='par_1_40' title="bbox 1100 3058 1814 3115">
     <span class='ocr_line' id='line_1_82' title="bbox 1100 3058 1814 3115; baseline -0.001 -15"><span class='ocrx_word' id='word_1_268' title='bbox 1100 3058 1346 3115; x_wconf 87' lang='lat' dir='ltr'>Restagnat</span> <span class='ocrx_word' id='word_1_269' title='bbox 1378 3058 1590 3100; x_wconf 85' lang='lat' dir='ltr'>redundat</span> <span class='ocrx_word' id='word_1_270' title='bbox 1623 3058 1814 3100; x_wconf 88' lang='lat' dir='ltr'>abundat</span> 
     </span>
    </p>

    <p class='ocr_par' dir='ltr' id='par_1_41' title="bbox 1099 3130 1529 3175">
     <span class='ocr_line' id='line_1_83' title="bbox 1099 3130 1529 3175; baseline -0.002 -2"><span class='ocrx_word' id='word_1_271' title='bbox 1099 3130 1289 3173; x_wconf 89' lang='lat' dir='ltr'>Resuere</span> <span class='ocrx_word' id='word_1_272' title='bbox 1322 3131 1529 3175; x_wconf 86' lang='lat' dir='ltr'>dissidere</span> 
     </span>
    </p>
   </div>
   <div class='ocr_carea' id='block_1_11' title="bbox 1984 1202 2020 1226">
    <p class='ocr_par' dir='ltr' id='par_1_42' title="bbox 1984 1202 2020 1226">
     <span class='ocr_line' id='line_1_84' title="bbox 1984 1202 2020 1226; baseline 0 0"><span class='ocrx_word' id='word_1_273' title='bbox 1984 1202 2020 1226; x_wconf 87' lang='grc'>40</span> 
     </span>
    </p>
   </div>
   <div class='ocr_carea' id='block_1_12' title="bbox 1983 1561 2018 1587">
    <p class='ocr_par' dir='ltr' id='par_1_43' title="bbox 1983 1561 2018 1587">
     <span class='ocr_line' id='line_1_85' title="bbox 1983 1561 2018 1587; baseline 0.029 -1"><span class='ocrx_word' id='word_1_274' title='bbox 1983 1561 2018 1587; x_wconf 86' lang='grc'>45</span> 
     </span>
    </p>
   </div>
   <div class='ocr_carea' id='block_1_13' title="bbox 1979 2999 2014 3024">
    <p class='ocr_par' dir='ltr' id='par_1_44' title="bbox 1979 2999 2014 3024">
     <span class='ocr_line' id='line_1_86' title="bbox 1979 2999 2014 3024; baseline -0.029 0"><span class='ocrx_word' id='word_1_275' title='bbox 1979 2999 2014 3024; x_wconf 87' lang='grc'>60</span> 
     </span>
    </p>
   </div>
  </div>
 </body>
</html>
