2175 3428
243 155 329 197 202

243 264 465 306 Foliatum
499 265 727 305 curuatum
761 258 919 318 (γίνῃ.)

228 335 469 378 'Folonicia
497 335 669 376 uanitas

243 407 455 450 Fomenta
486 406 754 448 nutrimenta

244 479 456 521 Fomenta
487 478 701 520 medicina

207 563 222 586 5
244 550 456 591 Fomenta
489 550 706 592 adiutoria

243 621 408 663 Fomen
438 622 755 664 nutrimentum

242 691 395 734 Fomes
447 692 694 736 incendium
739 695 814 734 aut
858 691 979 733 radix
1024 692 1100 732 aut

303 763 426 820 origo
460 768 535 808 aut
566 764 752 807 firmitas

242 835 275 877 F
281 851 398 878 omes
419 836 587 893 lignum
609 837 777 879 aridum
799 832 956 890 quod1)
984 833 1098 890 ignis

301 907 476 950 fobetur
508 909 551 950 id
584 911 651 951 est
683 907 877 950 nutritur

243 979 433 1022 Fomites
466 981 586 1038 ligna
614 980 684 1023 uel
719 979 878 1034 stipule
906 992 956 1019 eo
985 976 1098 1031 quod

300 1051 447 1107 ignem
479 1052 627 1095 foueat

189 1135 221 1160 10
241 1123 431 1179 Forceps
476 1122 692 1179 forfices2)
737 1122 852 1164 fabri
891 1136 940 1163 eo
983 1120 1095 1176 quod

300 1195 475 1238 fortiter
506 1198 684 1238 teneant

240 1267 573 1310 Forfuraculum
607 1267 782 1309 tenebre
816 1262 986 1322 (Pauli)

240 1339 273 1381 F
279 1339 512 1382 ormidines
549 1338 680 1395 pinne
718 1337 901 1393 inligate
941 1336 1098 1391 quibus

299 1413 531 1453 uenator-es
589 1424 741 1453 ceruos
799 1408 976 1464 capiunt
1032 1407 1100 1463 (ex

301 1480 455 1539 differ.)

241 1553 274 1595 F
281 1554 376 1596 orni
422 1569 547 1597 arcus
592 1554 643 1596 de
687 1553 876 1595 fornacis
923 1555 1101 1595 coctura

302 1629 526 1668 extructus

239 1696 490 1740 Fornicatio
525 1697 786 1740 adulterium

188 1780 220 1806 15
240 1767 451 1811 Forniceo
509 1783 636 1824 opere
701 1769 918 1810 camerato
932 1764 965 1822 3)
1029 1765 1099 1807 uel

300 1840 557 1883 densissimo
640 1837 926 1895 fornicibus&
1003 1853 1099 1880 con-

301 1914 468 1954 structa

240 1982 446 2025 Fornices
480 1983 877 2026 concamerationes

240 2054 403 2095 Fornix
435 2054 668 2097 fornicatio

240 2125 375 2168 Foros
426 2126 589 2168 medias
639 2128 786 2181 partes
830 2125 1010 2167 nauium
1052 2125 1097 2166 id

301 2200 367 2239 est
400 2198 553 2240 sedilia
584 2200 817 2239 nautarum

239 2268 378 2311 Foros
417 2269 492 2311 ubi
531 2270 602 2311 uia
635 2269 826 2312 calcatur
866 2271 941 2310 aut
980 2271 1096 2310 tran—

300 2340 387 2382 situ
418 2341 597 2382 nauium

187 2424 221 2448 20
241 2411 448 2466 Forpices
480 2414 653 2455 tenaces
687 2415 791 2454 sunt
825 2414 971 2454 autem
1004 2414 1097 2453 ton-

302 2497 449 2525 sorum

699 150 955 187 EXCERPTA
982 151 1046 186 EX
1071 150 1217 187 LiBRO
1245 149 1536 186 GLOSSARVM

1138 261 1247 303 Fors
1292 260 1387 302 fuat
1422 259 1610 302 fortuitu
1652 258 1900 301 futurorum
1938 257 1994 301 si-

1198 332 1381 388 gnificat

1137 404 1276 447 Foros
1297 406 1341 446 et
1366 403 1451 445 fori
1471 403 1673 445 dicuntur
1692 401 1736 444 id
1757 404 1824 444 est
1846 402 1993 457 plures

1138 475 1317 518 Fotauit
1351 474 1435 517 foit

1137 545 1169 589 F
1176 550 1274 589 otus
1309 546 1575 588 fomentatus
1608 545 1796 588 refectus

1138 620 1281 676 Fraga
1312 619 1470 660 florum
1501 617 1571 660 uel
1599 618 1683 660 ciui
1717 631 1852 674 genus
1878 618 1993 660 rubi·
2013 635 2046 661 25

1198 691 1326 735 cundi
1364 679 1485 733 cuius
1525 690 1625 732 erbe
1663 692 1777 732 terre
1817 689 1994 732 aderent

1198 767 1240 806 et
1273 764 1475 806 dicuntur
1508 760 1690 804 camelia

1138 835 1419 892 Fraglantem
1452 834 1707 876 odorantem

1138 907 1393 964 Fraglantia
1426 905 1588 948 olentia

1137 978 1391 1035 Fraglantia
1421 979 1531 1020 bene
1564 977 1727 1019 olentia

1138 1051 1320 1106 Fraglat
1353 1050 1529 1092 odorem
1561 1049 1637 1091 dat

1137 1123 1404 1178 Fragmenta
1449 1136 1531 1176 que
1577 1120 1717 1163 fracta
1762 1121 1854 1164 siue
1899 1137 1996 1165 con·
2015 1137 2051 1163 30

1197 1194 1366 1236 minuta
1410 1196 1512 1235 sunt
1553 1187 1904 1250 fractamenta⁵)'
1934 1193 1995 1236 di-

1198 1269 1354 1308 cuntur

1138 1339 1322 1380 Framea
1354 1340 1451 1379 asta
1481 1337 1740 1393 longissima

1136 1409 1321 1451 Framea
1351 1408 1517 1451 romfea
1549 1409 1720 1464 gladius

1138 1481 1322 1523 Framea
1365 1480 1536 1536 gladius
1581 1479 1801 1522 uersatilis
1846 1480 1889 1522 id
1929 1482 1996 1522 est

1195 1553 1264 1594 bis
1298 1555 1456 1608 agutus

1137 1624 1385 1666 Fratrueles
1419 1638 1467 1665 sa
1499 1626 1682 1665 uocatur

1136 1696 1169 1738 F
1175 1695 1378 1738 ratruelis
1412 1697 1644 1737 matertere
1676 1695 1793 1737 filius

1136 1767 1277 1809 Frado
1311 1766 1487 1808 defrado
1521 1765 1663 1808 alieno

1136 1838 1326 1880 Fredcns
1359 1828 1548 1880 fremens
1582 1837 1674 1879 siue
1707 1853 1981 1880 murmurans

1136 1910 1351 1952 Frendere
1373 1912 1439 1951 est
1459 1909 1609 1951 dentes
1631 1909 1899 1965 conprimere
1922 1910 1992 1952 uel

1197 1985 1424 2024 concutere

1137 2054 1358 2096 Frendant
1391 2053 1689 2095 comminuant

1137 2125 1324 2167 Frendet
1358 2123 1514 2166 stridet

1136 2197 1295 2239 Fredet
1327 2195 1528 2238 dentibus
1562 2195 1718 2236 stridet

1135 2268 1475 2324 Frequentatiua
1507 2282 1532 2308 a
1565 2266 1709 2321 sepius
1744 2267 1910 2323 agendo
1943 2269 1993 2309 ut

1194 2340 1324 2382 lectio
1357 2338 1532 2381 clamito

1136 2412 1270 2454 Fresa
1301 2411 1481 2453 moduta

1136 2483 1270 2525 Fresa
1301 2482 1441 2525 fracta
1473 2481 1612 2524 diuisa

2013 1712 2048 1738 35

2010 2143 2046 2168 40

338 2637 370 2679 1)
397 2635 420 2669 d
447 2647 527 2681 exp.
559 2637 571 2680 Η
602 2638 638 2678 2)
665 2636 727 2671 alt.
755 2635 773 2670 f
794 2647 838 2671 ex
863 2647 954 2672 corr.
982 2638 1065 2671 m.2
1096 2637 1107 2679 [Ι
1145 2636 1181 2679 3)
1214 2636 1252 2670 to
1281 2636 1321 2670 ιή
1347 2647 1417 2671 ras.
1445 2638 1530 2670 πω]
1561 2635 1572 2678 Η
1603 2635 1639 2678 4)
1667 2632 1701 2668 ei
1725 2644 1752 2669 s.
1779 2644 1845 2669 scr.
1872 2646 1917 2670 m.
1934 2638 1954 2670 1
1982 2656 1983 2660 =

243 2696 278 2738 ὃ)
302 2695 409 2739 prius
435 2696 475 2730 ta
500 2696 615 2741 funqo
642 2696 765 2731 lez-iter
790 2696 890 2732 delet.
916 2697 927 2739 ΙΙ

337 2840 368 2871 8.
397 2847 469 2881 quo
499 2841 504 2881 ι
538 2837 687 2872 fouetur
712 2849 756 2873 ex
781 2837 931 2872 fobetur
957 2849 1046 2874 corr.
1077 2840 1082 2881 1
1116 2837 1212 2882 plac.
1239 2839 1315 2874 cod.
1353 2839 1365 2882 ΙΙ
1403 2841 1434 2873 9.
1462 2837 1616 2872 foueant
1641 2848 1684 2872 ex
1709 2837 1840 2872 fobeat
1862 2848 1954 2873 corr.
1979 2837 1991 2881 Η

243 2899 296 2929 11.
324 2894 606 2931 Forforaculum
631 2899 643 2941 ΙΙ
670 2901 723 2932 15.
751 2897 945 2932 Fornicem
969 2899 973 2942 Ι
995 2907 1105 2942 opere
1132 2908 1197 2932 om.
1223 2900 1226 2942 Ι
1249 2908 1399 2932 camera
1418 2898 1428 2941 11
1456 2900 1510 2931 19.
1537 2896 1700 2931 transita
1718 2896 1730 2941 ΙΙ
1755 2900 1810 2931 22.
1838 2895 1954 2931 Forus
1979 2896 1990 2942 j}

242 2958 296 2988 23.
324 2954 421 2989 fouit
446 2967 490 2991 ea:
515 2955 586 2990 soit
611 2968 701 2992 corr.
740 2958 751 3001 ΙΙ
789 2960 845 2993 25.
872 2956 947 2992 cibi
974 2968 1018 2993 ex
1043 2955 1118 2991 ciui
1144 2968 1233 2992 corr.
1268 2961 1271 3000 Ι
1306 2957 1420 2992 herbe
1457 2958 1469 3002 ΙΙ
1507 2961 1562 2991 30.
1591 2956 1820 2991 comminuta
1851 2959 1856 3002 Ι
1890 2956 1989 3002 frag-

242 3014 369 3047 menta
391 3017 395 3057 Ι
418 3014 501 3049 isid.
529 3016 605 3051 cod.
633 3017 644 3060 ΙΙ
673 3019 728 3051 31.
757 3017 841 3050 asta
868 3028 909 3052 m.
929 3020 959 3061 1,
986 3016 1098 3051 hasta
1122 3027 1167 3051 m.
1183 3019 1204 3051 3
1230 3018 1241 3061 ΙΙ
1268 3020 1324 3052 33.
1351 3018 1483 3051 acutus
1503 3017 1514 3061 Ι]
1541 3019 1596 3051 36.
1624 3015 1773 3051 Fraudo
1797 3027 1843 3051 ex
1867 3015 1988 3051 Frado

241 3083 331 3107 corr.
357 3075 361 3116 Ι
385 3073 540 3109 defrudo
566 3076 577 3119 ΙΙ
603 3078 658 3110 37.
686 3074 874 3110 Frendens
898 3079 901 3118 Ι
923 3086 1156 3110 murmorans
1182 3087 1226 3111 m.
1245 3080 1275 3119 1,
1303 3086 1535 3110 mul-morans
1561 3087 1605 3111 m.
1622 3079 1643 3110 4
1669 3078 1680 3120 ΙΙ
1709 3079 1764 3111 41.
1791 3075 1954 3110 Frendet
1977 3075 1989 3121 Η

242 3135 297 3166 42.
325 3131 440 3167 leccio
466 3145 510 3168 m.
527 3137 559 3178 1,
586 3133 716 3168 lectito
744 3146 787 3169 m.
803 3138 824 3168 4
850 3136 862 3179 ΙΙ
887 3138 943 3171 43.
970 3134 1114 3169 moluta
1140 3146 1184 3170 ex
1209 3134 1366 3170 moduta
1390 3146 1481 3170 corr.
1508 3137 1520 3179 ΙΙ
