2221 3490
183 132 270 174 506

181 242 325 298 Lepus
358 244 474 285 filius
507 243 658 285 fratris

181 314 322 370 Lepos
352 315 396 369 (o
424 329 473 357 ex
499 331 526 357 u
554 330 655 358 corr.
681 330 733 358 m.
748 313 796 373 1)
826 316 1040 360 erinacius

240 387 488 442 lepusculus

181 458 307 500 Leria
338 459 522 514 pallium

156 529 339 579 bssLerus
374 532 535 573 animal
569 535 636 574 est

143 613 158 638 5
180 601 341 645 ssLeros
373 603 618 647 iocunditas
651 605 894 660 uoluptatis
928 606 1040 647 unde

236 678 279 716 et
322 679 499 732 gratum
542 677 707 732 aliquid
747 677 942 720 lederum
982 678 1040 720 di-

236 747 349 789 citur

176 817 381 876 Letagito
416 835 517 877 egre
550 821 718 864 dormio

176 890 406 934 Leuissata
438 893 586 935 tunica
617 892 771 935 militis

174 962 351 1006 Leuiter
377 967 655 1008 transcursus
676 965 866 1008 tenuiter
893 968 1036 1008 trans-

234 1036 349 1078 latus

173 1107 359 1150 Leuiaut
391 1109 591 1152 minuant

121 1191 154 1216 10
175 1179 307 1221 *Leui
345 1181 481 1223 bobes
516 1182 590 1236 qui
631 1183 834 1225 cornibus
874 1186 1035 1225 terram

233 1255 434 1307 spectant

171 1324 389 1367 Libanum
422 1326 582 1381 pellem

172 1396 366 1439 Libanus
401 1398 646 1441 candidatio

173 1467 362 1511 *Libore
395 1470 574 1513 uulnere

171 1540 304 1583 Liber
335 1542 542 1584 uolumen

119 1624 152 1649 15
172 1612 348 1655 Libitiit
380 1614 528 1655 liniuit
562 1614 777 1657 osculauit

172 1684 294 1727 Libis
327 1686 426 1727 finis
460 1686 672 1728 terminus

170 1757 401 1814 Libripens
413 1758 583 1814 pondus
598 1759 812 1802 librarum
823 1762 893 1803 uel
904 1761 1032 1803 iudex

169 1829 390 1873 Liburnus
443 1832 619 1887 grandis
663 1833 789 1875 nauis
839 1837 1032 1876 rostrata

229 1901 378 1960 (rostr.
410 1904 501 1945 add.
535 1902 652 1962 mZ)
707 1900 715 1909 ⁶

169 1974 369 2017 *Libitus
401 1975 606 2018 uoluntas
638 1977 852 2032 placitum
898 1962 907 1976 ἶ

115 2057 150 2082 20
170 2047 344 2090 Liceres
378 2048 574 2091 centurio

169 2118 391 2162 Licessere
432 2120 562 2163 licere
605 2122 772 2164 maiora
813 2123 1031 2178 mancipia

229 2192 386 2247 quibus
421 2193 560 2235 multa
592 2194 696 2236 licet

167 2263 317 2306 Licere
345 2264 505 2306 dicitur
532 2266 606 2320 qui
633 2266 706 2308 dat
741 2266 823 2309 tibi
850 2268 1030 2322 prodem

229 2336 278 2378 de
319 2351 590 2392 quacumque
629 2353 674 2380 re
712 2339 783 2380 uel
822 2339 872 2381 de
911 2339 1029 2382 furto

228 2410 304 2449 aut
338 2408 552 2450 adulterio

168 2478 337 2522 *Licini
376 2481 511 2522 b'obes
547 2479 595 2538 (s.
629 2480 723 2538 scr.)
759 2482 833 2536 qui
866 2498 1029 2526 cornua

230 2567 403 2594 sursum
435 2553 546 2594 fiexa
580 2553 744 2595 habent

170 2623 338 2665 Limnis
362 2620 582 2667 strambus
603 2628 646 2667 et
669 2626 872 2681 obliquus
891 2628 1028 2670 oculis

227 2693 328 2752 (uus
362 2696 499 2738 oculis
532 2702 624 2738 ml
656 2698 702 2739 in
734 2697 837 2755 ras.)

114 2778 148 2802 25
167 2767 427 2823 Limphatus
460 2768 662 2824 perfusus

167 2839 307 2881 Linda
339 2840 432 2882 acia
466 2840 746 2897 sanguilenta
777 2842 867 2884 acie

166 2911 320 2954 Linter
339 2912 543 2955 nauicula
568 2913 706 2968 parba
727 2914 776 2956 de
801 2929 885 2956 uno
906 2915 1026 2971 ligno

167 2981 464 3026 Linbunculus
497 2983 684 3027 lucinius

166 3053 289 3096 Lises
323 3055 464 3111 caligo

117 3136 150 3160 30
171 3123 340 3166 *Listes
373 3126 564 3170 latrones

589 133 846 170 EXOERPTA
870 133 936 169 EX
962 133 1137 171 CODICE
1163 135 1414 172 VATICANO
1442 141 1533 172 1468

1080 244 1237 289 Lituus
1265 246 1457 302 spatium
1483 247 1598 290 inter
1623 263 1744 291 aram
1765 253 1809 292 et
1836 253 1941 293 tem-

1139 319 1260 373 plum

1079 389 1307 447 *Lithingi
1333 390 1507 433 uocatio
1530 392 1755 434 cuiusdam
1777 393 1938 437 nobilis

1138 463 1342 518 prosapie

1079 534 1361 577 Lixabundus
1395 535 1599 590 aquarius

1079 606 1268 649 Locatus
1294 607 1416 649 locus
1450 608 1564 662 apud
1590 609 1744 651 urbem
1771 625 1939 652 romam

1079 678 1278 721 ssLoculis
1313 679 1531 722 scriniolis

1075 750 1241 793 ssLodix
1276 755 1582 794 ornamentum
1616 753 1827 796 muliebre

1074 823 1262 880 Logium
1297 824 1412 879 quod
1444 826 1487 866 et
1518 825 1734 867 rationale
1768 841 1936 881 pannus

1135 911 1186 938 ex
1208 911 1313 938 auro
1341 896 1611 953 gemmisque
1633 912 1681 940 ac
1709 898 1844 940 uariis
1872 914 1938 941 co-

1134 968 1301 1010 loribus
1324 968 1398 1024 qui
1419 956 1763 1023 superhumerali
1785 973 1938 1012 contra

1133 1044 1284 1096 pectus
1317 1041 1546 1096 pontifices
1578 1041 1919 1083 annectebantur

1074 1113 1336 1155 Lomentum
1368 1112 1613 1155 fomentum
1646 1113 1816 1155 ablutio

1075 1185 1339 1241 Longiturni
1360 1184 1539 1241 longeui
1559 1185 1673 1227 idest
1693 1185 1814 1242 longi
1829 1189 1936 1228 tem-

1959 696 1993 722 35

1133 1272 1251 1313 poris

1073 1330 1235 1373 Loreas
1269 1332 1466 1372 mortuas
1495 1345 1648 1372 manus
1675 1330 1745 1372 uel
1770 1330 1932 1386 ligatas
1953 1346 1987 1371 40

1074 1402 1229 1445 Lorica
1261 1402 1426 1444 uallum
1460 1401 1551 1443 sine
1584 1401 1702 1444 fossa

1073 1474 1237 1531 Lorigo
1271 1474 1416 1530 glutto
1451 1476 1494 1516 et
1527 1489 1683 1516 auarus

1072 1546 1252 1602 Loripes
1286 1546 1416 1589 tortis
1449 1546 1633 1602 pedibus

1070 1618 1258 1661 Lubitus
1293 1618 1339 1676 (b
1373 1633 1420 1661 ex
1451 1634 1480 1660 u
1510 1618 1630 1676 corr.)
1664 1618 1817 1661 liuitus

1072 1691 1298 1734 ''³²Lucanar
1330 1691 1460 1733 fobea

1070 1764 1371 1807 Lucidandum
1404 1763 1712 1806 succidendum

1072 1835 1328 1878 Luculleum
1362 1850 1498 1892 genus
1532 1835 1762 1879 marmoris
1795 1836 1884 1879 albi

1070 1908 1282 1951 Luctuosi
1315 1908 1469 1950 flentes

1070 1980 1208 2023 Lucat
1240 1983 1392 2023 exorat
1424 1980 1639 2035 propitiat

1071 2052 1296 2095 Lucellum
1329 2053 1499 2094 lucrum

1070 2125 1321 2168 *Lucanum
1353 2125 1495 2166 lucem
1529 2124 1643 2166 diem

1070 2197 1211 2239 Lucar
1243 2197 1364 2239 locus
1398 2197 1445 2238 in
1470 2197 1576 2239 urbe
1604 2211 1727 2238 roma
1752 2196 1828 2238 ubi
1854 2197 1929 2238 tri-

1128 2270 1237 2311 buta
1269 2271 1312 2310 et
1344 2268 1580 2325 bectigalia
1611 2269 1887 2324 ponebantur

1069 2340 1290 2396 Lupercus
1325 2341 1527 2383 sacerdos

1069 2412 1287 2454 Lusitatio
1315 2413 1435 2454 lusus
1462 2413 1608 2455 breuis
1636 2413 1705 2455 uel
1729 2413 1928 2469 deceptio

1129 2483 1219 2541 (uel
1251 2484 1448 2540 deceptio
1482 2500 1534 2527 m.
1549 2484 1598 2541 2)

1067 2555 1232 2598 Lussus
1265 2556 1401 2598 frater
1426 2558 1574 2599 mariti

1067 2625 1384 2670 =‘³⁴Luscodiosus
1412 2629 1485 2684 qui
1515 2629 1688 2684 uesperi
1719 2629 1781 2670 nil
1807 2629 1928 2671 uidet

1067 2699 1418 2743 ²³²Lustitionibus
1451 2701 1823 2743 ludificationibus

1066 2771 1251 2814 Luteola
1297 2773 1438 2815 erocei
1483 2773 1640 2815 coloris
1686 2772 1927 2815 ruuicunda

1127 2842 1180 2901 (r.
1211 2848 1303 2886 m]
1335 2845 1387 2887 al.
1415 2843 1511 2901 atr.)

1065 2916 1273 2959 *Luteres
1293 2931 1423 2972 conce
1445 2917 1515 2959 uel
1531 2917 1698 2959 cantari
1714 2932 1925 2973 aquarum

1064 2987 1182 3030 Luzo
1216 2989 1452 3031 miniatura
1484 2989 1609 3032 urina

1066 3059 1265 3114 Lychnia
1298 3060 1606 3103 candelabrum

1067 3131 1272 3187 Lychnus
1305 3131 1482 3175 lucerna

1952 1706 1988 1732 45

1949 2067 2005 2092 50*

1948 2570 1982 2596 55

1944 3001 1980 3027 60
