2175 3428
147 894 180 919 10

147 1540 180 1566 15

321 115 328 133 Ι

199 237 353 280 Retica
385 251 521 293 genus
554 237 660 279 uitis

199 309 351 352 Retica
370 309 490 365 ligna
506 309 664 364 quibus
685 309 799 350 uites
814 308 1059 350 retinentur

200 381 450 423 Reticulata
483 381 808 423 concancellata

200 452 473 495 Reticulatos
507 452 758 495 cancellatis

201 524 479 567 Reuocilauit
510 523 663 565 refecit

200 595 477 638 Reuocilauit
509 594 781 637 humanitate
814 593 927 635 fouit

200 668 354 710 Rictus
388 667 583 709 extensio
617 666 705 708 oris

200 739 355 781 Rictus
389 739 537 780 uultus
570 741 638 780 est
671 737 759 779 oris
792 737 955 791 positio

199 810 332 853 Rictu
366 825 514 852 morsu

200 881 329 924 Rima
360 882 517 924 fissura
549 881 801 923 tabularum
833 880 989 922 fissura
1016 882 1059 921 et

259 969 401 996 rames

200 1025 336 1081 Ripas
369 1026 603 1081 pinnacula
634 1028 775 1068 terrae

200 1097 379 1140 Robora
428 1099 616 1140 roboens
668 1111 857 1152 namque
908 1095 1061 1137 uolens

261 1170 421 1212 robora
452 1169 600 1212 fuluus
633 1169 814 1212 iouiales
844 1166 1046 1209 inechera

200 1241 363 1283 Rorem
403 1256 474 1284 ros
514 1241 708 1284 marinus
749 1239 907 1283 d-icitur
949 1238 1062 1293 quod

260 1316 327 1355 est
360 1313 546 1370 uirgulti
579 1327 715 1369 genus

201 1385 289 1428 Ros
323 1386 493 1428 roscida
524 1385 569 1427 id
596 1387 663 1427 est
695 1385 853 1427 humor
880 1384 1062 1439 desuper

261 1452 418 1500 cadens

201 1527 484 1571 Roscidolum
516 1545 613 1572 rore
648 1529 868 1572 madidum

201 1599 393 1642 Roscum
424 1600 596 1656 lignum
627 1601 747 1644 foliis
781 1601 1007 1657 spinosum

202 1671 376 1715 Rostris
405 1674 542 1729 ceptis
571 1674 794 1716 sciendum
822 1676 969 1716 tamen
996 1675 1063 1715 est

149 2476 183 2501 20

259 1745 376 1799 quod
396 1748 541 1788 rostra
562 1746 718 1788 rostris
738 1746 791 1788 ad
811 1761 903 1788 rem
923 1745 1062 1801 publi-

263 1831 356 1859 cam
374 1818 566 1873 pertinet
582 1818 759 1860 initium
780 1818 872 1860 siue
894 1820 1062 1860 certum

203 1890 365 1932 Rostro
394 1905 467 1933 orc
494 1890 697 1946 uirgilius
718 1893 973 1945 rostrosque
1000 1890 1062 1931 in-

258 1962 400 2004 manis
427 1962 578 2004 uultur
592 1961 623 2018 ¹)
658 1959 870 2018 adun002)
903 1962 1061 2004 inmor-

262 2034 349 2076 tale
383 2034 501 2076 iecur
534 2034 719 2076 tundens

202 2105 414 2148 Rostrum
465 2121 512 2148 os
560 2106 674 2161 quod
726 2106 842 2162 greci
892 2106 1061 2149 ricchos

265 2177 415 2220 dicunt
458 2177 632 2233 proprie
678 2180 826 2220 tamen
869 2181 1061 2220 rostrum

262 2249 422 2291 dicitur
467 2250 581 2305 quod
624 2250 854 2292 incuruum
900 2253 968 2292 est
1011 2253 1060 2292 ut

261 2321 450 2363 uulturis
496 2321 717 2377 accipitris
768 2322 837 2364 uel
881 2322 1060 2378 reliquis

263 2393 418 2435 auibus

203 2463 379 2506 Rubum
428 2465 598 2521 lignum
649 2466 876 2521 spinosum
927 2467 1061 2509 rubus

263 2536 388 2591 spina
922 2548 926 2551 '

202 2607 353 2650 Rubus
393 2610 536 2651 sentix
569 2610 754 2666 agrestis
793 2611 935 2653 minor
974 2627 1060 2653 ma-

263 2680 384 2723 101116

658 125 914 162 EXCERPTA
940 125 1004 160 EX
1029 125 1173 161 LIBRO
1202 123 1493 160 GLOSSARVM

1865 123 1947 163 241

1112 236 1339 277 {udentem
1377 235 1502 290 plaus
1546 248 1702 290 genere
1743 231 1952 274 feminino

1156 307 1266 350 dixit
1298 307 1401 349 dum
1431 320 1534 363 ergo
1569 304 1651 346 tibi
1683 305 1796 347 113116
1823 319 1954 359 quam

1157 379 1296 421 trahis
1329 379 1556 420 rudentem
1587 376 1786 432 conplico
1819 376 1864 417 111
1896 376 1955 416 fa-

1155 451 1273 493 mula
1306 451 1533 492 rudentem

1095 523 1260 564 Rufata
1292 522 1425 578 gladii

1096 595 1285 637 Rus-atus
1319 594 1530 650 sanguine
1563 595 1812 635 truentatus

1097 667 1213 708 Rufa
1245 666 1388 709 insula
1427 665 1589 708 terreni
1621 664 1753 707 maris
1792 663 1837 705 in
1871 677 1956 718 qua
1976 675 2009 700 25

1156 738 1261 780 ferri
1292 737 1442 780 fodina
1475 740 1700 779 exercetur

1098 810 1205 852 Ruit
1238 813 1281 852 et
1320 809 1530 865 patientis
1570 812 1636 851 est
1676 811 1719 850 et
1756 807 1957 850 facientis

1156 881 1360 938 uirgilius
1380 884 1516 936 utque
1543 881 1645 922 data
1671 882 1800 934 porta
1826 882 1958 921 ruunt

1158 956 1302 996 terent
1321 953 1430 995 alios
1450 954 1654 1008 raperent
1674 965 1844 992 ruerem
1862 953 1957 992 tun-

1160 1027 1306 1068 derem
1339 1028 1383 1068 et
1414 1026 1737 1080 prosternerem

1099 1098 1207 1140 Ruit
1239 1097 1326 1140 tria
1364 1096 1585 1152 significat
1618 1098 1693 1138 aut
1734 1095 1850 1138 cadit
1883 1098 1959 1136 aut

1162 1170 1292 1213 deicit
1325 1171 1400 1211 aut
1432 1168 1614 1211 festinat

1101 1242 1244 1284 Ruma
1265 1242 1369 1298 gula
1388 1241 1500 1283 unde
1521 1240 1743 1283 ruminant
1765 1239 1960 1281 animilia

1161 1315 1207 1356 in
1251 1328 1420 1355 rumam
1464 1315 1673 1355 reuocant
1717 1312 1760 1353 id
1805 1314 1872 1353 est
1917 1311 1961 1353 in

1162 1386 1311 1443 gulam

1100 1458 1412 1515 Rumigerulus
1444 1457 1636 1513 portitor
1669 1456 1855 1498 rumoris

1101 1529 1412 1586 Rumigerulus
1445 1529 1632 1571 rumoris
1666 1529 1871 1570 inuentor

1101 1602 1412 1658 Rumigerulus
1446 1601 1609 1643 famam
1641 1600 1901 1643 renuncians

1102 1671 1455 1730 Rumigerulusss)
1494 1673 1668 1716 timoris
1711 1672 1960 1728 opinionem

1160 1749 1342 1802 portans

1101 1818 1312 1860 R-uminat
1345 1820 1546 1874 regustat

1100 1890 1336 1933 Ruminare
1369 1891 1619 1932 remandere

1100 1961 1323 2017 Rumpent
1342 1977 1421 2018 pro
1443 1962 1737 2018 impleuerunt
1757 1961 1959 2018 uirgilius
1979 1971 2014 1997 35

1160 2037 1330 2077 etcacta
1351 2034 1528 2090 querule
1555 2037 1760 2090 rumpent
1781 2034 1962 2076 arbusta

1160 2107 1334 2150 cicadea
1387 2121 1491 2163 ergo
1548 2109 1752 2162 rumpent
1808 2106 1961 2162 imple-

1160 2182 1318 2221 uerunt

1981 1538 2016 1562 30

1098 2249 1323 2306 Rurigena
1355 2266 1380 2293 a
1411 2267 1510 2293 rure
1542 2254 1671 2293 natus

1100 2322 1321 2380 Rurigena
1353 2323 1465 2366 ruris
1498 2323 1704 2366 habitans

1100 2395 1370 2451 Rurisopoce
1396 2399 1509 2438 terre
1531 2397 1735 2438 umbrose
1755 2395 1958 2451 uirgilius

1161 2470 1204 2509 et
1230 2468 1343 2510 ruris
1372 2483 1505 2523 opace
1537 2467 1648 2510 falce
1675 2482 1845 2523 premes
1879 2468 1958 2508 sub

1159 2539 1337 2582 umbras

1099 2610 1293 2653 Ruscum
1325 2611 1494 2668 lignum
1526 2611 1644 2654 foliis
1678 2612 1902 2667 spinosum

1099 2683 1269 2726 Ruscus
1286 2684 1411 2739 spina
1425 2683 1559 2740 longa
1573 2699 1707 2726 uncus
1722 2684 1958 2725 habentem
1979 2692 2013 2717 40

301 2823 335 2866 1)
368 2834 386 2856 r
412 2834 456 2858 ex
483 2834 498 2857 3
524 2835 568 2858 m.
585 2826 609 2859 2
642 2825 653 2868 ΙΙ
685 2825 720 2869 2)
755 2836 773 2858 c
799 2836 842 2860 esc
868 2824 902 2860 ic
933 2827 944 2870 ΙΙ
977 2827 1012 2871 3)
1044 2837 1087 2860 ru
1115 2830 1198 2862 aute
1223 2825 1237 2860 1
1263 2826 1348 2862 add.
1375 2838 1419 2862 m.
1438 2830 1456 2861 1
1489 2829 1500 2871 ss

300 2945 332 2976 2.
359 2941 449 2976 uitis
475 2943 487 2988 l}
519 2946 550 2977 4.
580 2942 804 2978 Reticulatis
830 2946 840 2988 11
874 2948 904 2979 7.
930 2945 1061 2980 Rictus
1088 2957 1132 2981 ex
1157 2945 1267 2980 Ritus
1294 2956 1385 2981 corr.
1412 2947 1424 2989 ΙΙ
1456 2948 1487 2980 8.
1514 2944 1656 2990 posicio
1682 2946 1693 2990 Η
1726 2948 1779 2980 10,
1807 2944 1922 2979 1311113
1949 2956 1959 2991 i

207 3005 261 3036 12.
287 3000 460 3036 inethera
485 3003 496 3047 ΙΙ
533 3006 585 3037 13.
615 3003 690 3049 ros]
717 3014 757 3038 ro
778 3005 788 3048 [Ι
810 3007 864 3040 19.
891 3004 1029 3040 Rostru
1052 3008 1056 3051 Ι
1078 3005 1241 3040 hauibus
1261 3006 1348 3050 1120.
1376 3017 1399 3040 a
1423 3016 1504 3041 voce
1529 3005 1643 3040 rubus
1669 3015 1748 3040 nov.
1775 3005 1822 3050 (sl.
1849 3006 1920 3040 inc.
1947 3006 1959 3052 11

205 3063 261 3096 21.
289 3060 430 3108 maiore
457 3064 468 3107 Η
500 3065 556 3097 24.
585 3064 801 3097 cruentatus
839 3065 850 3108 ΙΙ
888 3067 943 3099 25.
970 3064 1080 3099 tireni
1120 3066 1131 3109 ΙΙ
1169 3067 1224 3099 28.
1253 3063 1435 3099 animalia
1466 3066 1471 3110 Ι
1502 3065 1656 3100 reuocat
1692 3065 1703 3109 ΙΙ
1741 3067 1796 3100 31.
1824 3076 1957 3100 renun-

204 3118 306 3154 tians
325 3122 337 3166 11
357 3124 412 3157 35.
441 3123 479 3156 et
505 3122 609 3156 catta
631 3123 635 3167 Ι
659 3133 731 3166 que
757 3134 848 3168 ruge
867 3125 879 3168 ΙΙ
899 3128 954 3160 38.
981 3124 1211 3169 Rurisopace
1238 3135 1282 3160 eoe
1307 3123 1535 3169 Rurisopoce
1562 3135 1652 3161 corr.
1673 3125 1684 3169 ΙΙ

279 3187 365 3219 Corp.
385 3189 477 3220 gloss.
498 3188 550 3214 lat.
580 3190 652 3213 tom.
673 3189 706 3214 V.

1628 3188 1669 3218 1ss
