2175 3428
174 1713 207 1738 10

684 148 940 184 EXCERPTA
965 149 1031 183 EX
1054 149 1199 185 LIBRO
1227 149 1518 185 GLOSSARVM

224 258 416 300 Nouales
461 261 566 301 nota
610 259 781 316 generis
830 274 924 301 esse
969 274 1081 302 com-

284 331 426 373 munis
454 346 505 373 ex
532 330 740 374 feminino
768 334 812 373 et
842 334 998 373 neutro
1025 332 1082 374 le-

283 402 403 459 gitur
453 403 568 445 enim
619 406 668 445 ut
718 407 869 447 tonsas
914 418 1081 445 cessare

283 475 464 517 nouales

223 546 416 588 Nouales
457 546 552 602 agri
590 546 788 588 feminini
828 561 965 602 genus
998 547 1084 588 uir-

283 618 415 675 gilius
443 618 624 660 alternis
651 618 694 659 id
722 621 788 660 est
815 621 966 661 tonsas
995 633 1083 660 ces-

283 705 377 732 sare
412 689 592 732 nouales

224 762 415 804 Noualia
465 761 560 818 agri
605 761 680 817 qui
731 762 912 804 alternis
961 764 1084 805 annis

283 836 442 876 uacant
455 834 758 876 nouandorum
769 833 928 875 uirium
943 834 1086 891 gratia

225 906 413 949 Noualia
457 906 554 948 loca
599 906 645 948 in
689 906 848 962 quibus
894 921 915 948 e
967 921 1085 948 mare

282 993 417 1021 naues
450 978 666 1021 eiciuntur

224 1050 371 1094 Nuces
399 1053 557 1094 cuncta
583 1065 714 1106 poma
741 1065 822 1106 que
844 1053 945 1093 extu
973 1051 1086 1093 clau-

283 1123 442 1166 dentur
485 1137 617 1166 nuces
663 1123 866 1165 dicuntur
910 1126 960 1164 ut
1002 1123 1086 1165 uir-

284 1196 418 1253 gilius
453 1210 524 1238 cas
557 1198 709 1237 taneas
736 1209 818 1250 que
849 1211 983 1238 nuces
1012 1196 1086 1238 sti-

284 1268 528 1310 chabantur
560 1267 606 1309 in
639 1267 747 1309 ortis

223 1339 356 1397 Nuga
387 1340 613 1396 turpitudo
648 1340 818 1381 macula

225 1412 378 1469 Nugas
425 1413 499 1468 qui
544 1412 598 1454 ad
643 1411 807 1453 nullam
846 1412 1086 1454 utilitatem

283 1484 475 1540 pertinet

225 1555 524 1614 Nugigerulus
557 1556 698 1612 turpis
731 1556 910 1598 nuntius

225 1628 526 1685 Nugigerulus
560 1628 708 1671 odium
738 1630 919 1684 portans

227 1700 402 1743 Numen
433 1701 556 1743 locus
594 1701 640 1742 in
674 1716 759 1756 qua
789 1715 949 1742 numen
989 1714 1087 1742 con-

285 1773 539 1816 secrabatur
588 1787 750 1815 numen
800 1776 870 1814 tar
924 1773 1086 1828 pagani

286 1845 491 1888 dicebant

227 1918 407 1960 Nummi
451 1917 521 1959 uel
560 1933 586 1959 a
622 1917 798 1959 nomine
836 1917 903 1958 uel
945 1932 970 1959 a
1013 1932 1088 1959 nu-

287 2005 405 2032 mero
440 1989 545 2031 dicti
572 2004 622 2031 eo
657 1989 773 2044 quod
803 1991 1088 2030 numerantur

227 2062 502 2105 Numulanus
552 2076 834 2103 numerorum
886 2075 1089 2117 preroga-

287 2138 358 2177 tur
369 2133 400 2190 l)
433 2131 591 2191 (Viry.)

209 2206 435 2249 ·Nundina
466 2206 588 2248 locus
615 2206 797 2248 mercati
824 2205 940 2261 quod
970 2205 1088 2262 greci

176 2433 209 2459 15

288 2293 473 2335 agoreus
505 2280 666 2320 uocant

230 2350 489 2393 Nundinarii
522 2353 786 2392 mercatores

229 2421 473 2478 Nupedalia
503 2422 747 2464 nuditatem

327 2591 360 2634 1)
394 2600 437 2623 ur
463 2589 504 2624 i‘n
529 2598 601 2624 ras.
628 2599 674 2624 m.
690 2591 711 2623 1
742 2590 754 2633 ΙΙ

1119 259 1365 302 Nuscibant
1395 260 1604 303 noscebat

1119 330 1278 374 Nuscit
1309 333 1452 375 noscit

1120 403 1363 447 Nusciosus
1397 405 1472 460 qui
1503 405 1602 461 plus
1635 419 1814 460 uespere
1847 405 1966 446 uidet

1120 475 1405 518 Nutrimenta
1437 477 1645 519 alimenta

1121 546 1406 590 Nutrimenta
1439 549 1596 604 quibus
1629 549 1822 606 ignietur

1122 618 1223 660 Nux
1266 620 1455 675 plurima
1506 621 1722 677 amigdala
1767 636 1816 663 eo
1866 620 1981 676 quod

1182 691 1420 747 plurimum
1462 692 1616 734 floreat
1653 708 1754 735 nam
1787 694 1982 736 omnium

1183 779 1342 807 nucum
1374 764 1516 819 prima
1549 780 1593 807 se
1627 765 1732 807 flore
1766 766 1983 808 conuestit

2001 560 2035 584 20

1125 905 1190 950 Ob
1222 911 1402 964 propter
1435 909 1647 952 terentius
1682 910 1900 965 quodnam
1928 910 1983 951 ob

1183 980 1349 1023 factum

1124 1052 1261 1095 Obest
1293 1054 1480 1096 donatus
1513 1054 1689 1098 dolosus
1724 1058 1791 1098 est
1824 1054 1898 1110 qui
1924 1055 1985 1097 in-

1183 1126 1387 1181 prudenti
1421 1127 1548 1169 obest

1125 1196 1291 1240 Obesat
1322 1198 1556 1255 inpinguat
1589 1200 1826 1255 obesatque
1859 1204 1985 1257 terga

1185 1269 1376 1312 distenta
1402 1273 1444 1313 et
1472 1271 1596 1326 quasi
1625 1272 1985 1315 subfarciminata

1186 1343 1299 1397 quod
1321 1342 1562 1386 forinsecus
1585 1344 1765 1386 obesum
1786 1348 1853 1387 est
1872 1346 1986 1400 quod

1186 1415 1455 1458 extrinsecus
1489 1430 1684 1458 crassum
1718 1416 1878 1459 dicitur

1126 1485 1393 1530 Obfabulare
1427 1488 1682 1530 concludere

1125 1557 1353 1615 Obgannit
1386 1560 1595 1603 obturbat

1126 1630 1353 1688 Obgannit
1386 1632 1639 1688 obloquitur

1125 1701 1350 1760 Obgannit
1383 1705 1599 1761 obstrepit

1124 1773 1350 1831 Obgannit
1383 1777 1687 1820 obmurmurat

1126 1845 1279 1888 Obiter
1306 1862 1482 1904 serpens
1510 1849 1625 1892 dicta
1653 1851 1769 1905 quod
1795 1851 1986 1893 colorem
2006 1860 2040 1885 30

1185 1918 1345 1962 harene
1365 1920 1528 1963 habeat
1548 1922 1598 1964 de
1627 1937 1711 1977 qua
1729 1926 1832 1978 peta
1856 1939 1987 1979 quam

1186 2006 1288 2046 pars
1312 1992 1464 2049 pigtus
1485 1993 1667 2036 maculis
1691 1995 1876 2038 tebanus
1898 1997 1987 2038 obi-

1187 2066 1253 2105 tes
1299 2065 1504 2107 concolor
1551 2066 1692 2109 exutis
1738 2067 1876 2123 adque
1926 2068 1987 2111 in-

1188 2135 1388 2178 discretis
1422 2138 1565 2180 arem's
1599 2139 1816 2182 amoditus

1128 2205 1344 2265 Oblegare
1377 2212 1531 2252 contra
1563 2210 1704 2254 dicere
1737 2212 1806 2254 uel
1834 2215 1988 2255 contra

1186 2280 1304 2337 leges
1336 2282 1484 2324 uenire

1127 2350 1315 2409 Oblegat
1347 2354 1652 2397 circummittit

1127 2423 1324 2467 Oblimat
1356 2425 1558 2482 limpidat

327 2737 358 2769 1.
383 2734 531 2768 trensas
557 2743 603 2768 m.
617 2735 651 2776 1,
676 2732 807 2766 tonsas
833 2735 918 2768 m.6
948 2735 960 2780 1}
991 2737 1024 2769 2.
1051 2734 1198 2780 generis
1224 2747 1269 2771 ex
1295 2746 1413 2782 genus
1439 2748 1528 2773 corr.
1554 2741 1558 2782 l
1587 2739 1716 2773 tonsas
1744 2749 1789 2773 ecc
1813 2737 1984 2773 intonsas

230 2804 322 2829 corr.
354 2794 366 2838 Η
397 2796 429 2828 3.
455 2791 716 2828 nouandarum
741 2803 786 2828 ex
809 2792 1071 2829 nouandorum
1096 2806 1188 2831 corr.
1221 2797 1232 2841 ΙΙ
1264 2799 1296 2832 4.
1329 2795 1426 2831 mari
1451 2808 1496 2832 eac
1521 2808 1624 2832 mare
1650 2809 1741 2834 corr.
1773 2800 1785 2843 ss
1817 2801 1848 2833 5.
1885 2798 1986 2833 clau-

232 2853 374 2887 duntur
395 2854 400 2897 1
422 2851 699 2887 istichabentur
717 2853 728 2897 ΙΙ
750 2854 782 2887 7.
807 2851 947 2898 Nugax
971 2865 1016 2890 ex
1040 2853 1171 2901 Nugas
1198 2867 1289 2891 corr.
1310 2857 1321 2901 ΙΙ
1343 2859 1397 2892 10.
1424 2855 1615 2892 Numenta
1637 2860 1641 2902 1
1663 2857 1787 2892 10011111
1813 2869 1857 2893 ex
1881 2857 1986 2894 locus

231 2924 322 2949 corr.
358 2913 364 2959 1
398 2923 471 2957 quo
503 2924 549 2948 επ
580 2923 656 2957 qua
687 2923 778 2948 corr.
815 2914 821 2958 1
854 2915 1076 2949 numentum
1101 2927 1145 2951 ex
1176 2916 1376 2950 numentur
1408 2927 1497 2953 corr.
1537 2919 1548 2962 ΙΙ
1587 2920 1641 2952 12.
1675 2916 1950 2953 Nummulanus
1980 2918 1985 2966 Ι

231 2983 469 3007 nummorum
494 2983 539 3008 ex
563 2982 803 3007 numerorum
827 2983 918 3009 corr.
942 2975 947 3018 Ι
969 2976 1190 3021 prerogator
1209 2987 1254 3010 ex
1278 2977 1500 3022 prerogatur
1521 2976 1526 3023 Ι
1549 2976 1596 3011 de
1615 2976 1665 3023 gl.
1686 2977 1762 3013 cod.
1783 2978 1796 3023 ΙΙ
1817 2981 1870 3013 13.
1899 2989 1986 3025 ago-

232 3043 315 3067 reos
342 3032 386 3068 696
412 3042 571 3078 agoreus
597 3043 688 3068 corr.
720 3033 732 3077 ΙΙ
771 3035 825 3067 16.
853 3032 1040 3069 Nuscibat
1065 3046 1109 3070 ex
1133 3034 1345 3069 Nuscibant
1370 3047 1462 3071 corr.
1495 3038 1506 3081 ΙΙ
1544 3039 1601 3072 20.
1627 3035 1727 3082 ignis
1752 3037 1919 3072 nutritur
1943 3049 1989 3074 ex

233 3091 332 3138 ignis
357 3091 546 3127 nutrietur
571 3103 662 3128 corr.
693 3093 705 3136 ΙΙ
743 3095 799 3127 21.
826 3093 1028 3128 comuestit
1055 3097 1066 3139 ΙΙ
1098 3097 1154 3130 29.
1188 3095 1447 3129 obmurmurat
1484 3107 1529 3130 ecc
1566 3095 1822 3132 obmurmorat
1859 3109 1950 3135 corr.
1978 3100 1989 3144 ¹3

235 3154 289 3186 30.
330 3152 443 3197 poeta
477 3163 522 3186 ex
558 3152 649 3197 peta
680 3162 771 3186 corr.
812 3154 817 3196 1
858 3153 991 3187 exutus
1015 3154 1019 3199 Ι
1042 3155 1075 3187 Rs
1107 3155 1183 3190 cod.
1216 3156 1228 3199 ΙΙ

1630 3216 1701 3250 15*
