2221 3490
756 157 997 194 sPEolMEN
1025 158 1210 195 CODlClS
1236 159 1488 195 LEIDENSIS
1885 161 1938 202 41
1946 161 1971 201 9

221 266 494 310 Cunabulum
528 284 604 311 uas
641 269 685 310 in
719 284 804 324 quo
843 269 986 312 iacent
1017 269 1078 311 in—
1116 269 1396 326 Panagericis
1428 270 1720 312 laudabilibus

279 338 420 381 fantes

221 410 307 452 Vix
340 412 491 454 statim

220 482 403 525 Fornice
437 485 553 526 soelb
586 485 656 527 uel
689 485 792 540 drep

220 554 461 597 Bibennem
495 571 689 598 securem
723 557 790 598 bis
824 562 996 598 acutam

185 639 200 664 5
221 626 389 681 Exedre
424 628 601 670 scabelli
635 629 686 669 ad
721 628 840 670 cibos
874 629 943 669 uel
982 628 1079 669 sub-

280 698 376 740 selli

222 769 466 812 Pastoforie
499 772 666 813 modice
699 771 853 814 domus

220 840 387 883 Fucum
424 842 611 884 colorem

219 912 482 969 Martyrium
515 915 734 956 modicum
767 915 1007 957 oratorium

220 983 523 1028 Caementaria
556 987 736 1041 ecclesie

168 1071 199 1095 10
219 1057 341 1114 Ignis
376 1073 474 1101 acer
506 1059 605 1100 dma

219 1128 398 1172 Cissura
430 1133 601 1173 sectura

219 1199 456 1244 Concidere
488 1202 676 1245 incidere

217 1272 382 1315 Vixilla
427 1277 470 1315 et
511 1274 683 1316 labrum
728 1275 842 1317 idem
888 1277 990 1317 sunt
1035 1275 1079 1316 id

278 1348 345 1387 est
376 1346 500 1402 segin

218 1416 431 1460 Calonum
450 1433 609 1460 nomen
630 1419 774 1475 gentis
796 1435 894 1462 cum
915 1419 1075 1461 francis

166 1501 198 1528 15
219 1488 432 1532 Calonum
465 1489 657 1533 militum
690 1491 760 1533 uel
794 1506 1020 1534 seruorum

217 1561 487 1605 Lanionibus
511 1563 668 1618 quibus
690 1563 808 1605 bices
831 1564 901 1605 uel
922 1578 1077 1618 porcos

277 1634 475 1677 incidunt
506 1635 783 1677 membratim
813 1638 857 1677 et
883 1636 1078 1677 uenslunt

219 1705 451 1749 Codicibus
475 1707 607 1763 lignis
627 1707 673 1748 in
695 1707 853 1763 quibus
881 1707 1078 1749 incidunt

219 1777 366 1821 Codex
399 1779 547 1822 stofun

218 1849 374 1907 Petigo
408 1851 567 1893 tetrafa

164 1935 197 1960 20
217 1922 394 1979 lugeres
421 1937 552 1979 gycer
578 1924 706 1965 unius
734 1924 815 1965 diei
846 1939 956 1979 opus
985 1939 1076 1965 ara-

277 1995 386 2037 toris

217 2066 373 2109 Fessat
405 2068 587 2110 desonat

218 2138 424 2182 Subnixis
458 2139 702 2182 subiunctis

215 2210 415 2253 Parethis
449 2212 662 2254 ministris

218 2281 354 2325 Claua
384 2283 500 2326 fuste

1117 341 1332 383 Praeditis
1367 342 1531 384 ornatis

1117 412 1332 455 Adilicem
1364 427 1500 469 genus
1533 413 1655 455 rubri
1995 425 2030 451 35

1117 483 1362 526 Mammbre
1394 499 1552 526 nomen
1583 485 1669 527 loci

1118 555 1400 598 Processores
1434 557 1593 599 excelsi

1116 627 1368 669 Moluerunt
1382 631 1635 670 manserunt
1649 630 1719 671 uel
1736 632 1974 671 smmerunt

1116 698 1407 740 Theomachie
1441 699 1619 741 deorum
1650 716 1794 757 pugne

1119 769 1479 826 Gigantemacbie
1513 771 1741 827 gigantum
1773 787 1917 828 pugne
1995 787 2029 809 4ο

1117 841 1202 883 Fas
1236 845 1329 883 erat
1361 842 1427 884 ius
1461 846 1554 885 erat
1587 844 1656 885 uel
1689 844 1854 886 iustum
1882 847 1976 885 erat

1115 913 1244 955 Vatis
1276 913 1491 969 propheta

1116 984 1329 1041 Prosapia
1359 987 1591 1042 progenies

1116 1056 1294 1099 Aeditui
1329 1059 1499 1100 ostiarii

1118 1129 1377 1172 Commenta
1410 1132 1659 1187 excogitata
1997 1145 2031 1170 45

1117 1201 1232 1243 Rata
1264 1202 1379 1244 iusta

1118 1273 1324 1316 Fastibus
1357 1275 1480 1317 libris

1118 1345 1328 1388 Fascibus
1362 1347 1652 1403 dignitatibus

1120 1418 1332 1461 Gladibus
1365 1419 1570 1462 uindictis

1117 1491 1252 1534 Arcet
1285 1492 1451 1547 depulit
1999 1506 2033 1529 50

1117 1562 1364 1619 Stephanus
1397 1567 1630 1606 coronatus

1116 1636 1253 1679 Vlcus
1286 1637 1406 1692 lepra
1438 1636 1507 1678 uel
1541 1637 1699 1678 uulnus

1116 1708 1343 1751 Profusius
1376 1709 1700 1751 habundantius

1117 1780 1329 1823 Perorans
1363 1781 1602 1836 adloquens

1115 1852 1397 1895 Insimularet
1447 1857 1671 1896 accusaret
1720 1854 1788 1896 uel
1842 1854 1974 1895 insul·
1996 1865 2031 1890 55

1176 1928 1290 1967 taret

1118 1997 1403 2040 Coniciebant
1436 1999 1693 2054 cogitabant

1118 2068 1394 2125 Constipatio
1429 2071 1726 2113 circumstatio

1118 2141 1463 2185 Concionaretur
1494 2143 1746 2198 loqueretur

1117 2212 1281 2256 Vecors
1315 2214 1430 2256 malo
1465 2215 1591 2257 corde

1119 2285 1415 2328 Amminicula
1447 2287 1664 2329 adiutoria
1999 2300 2034 2325 ⁴²10

161 2368 196 2392 25
215 2354 439 2397 Madidum
472 2359 704 2398 contusum
737 2357 806 2399 uel
834 2356 1074 2398 contritum
1113 2356 1165 2399 In
1196 2358 1442 2413 prostibulo
1481 2359 1528 2400 in
1560 2359 1688 2401 domo
1722 2359 1958 2401 fornicaria

217 2426 349 2469 Vaeri
381 2427 505 2483 uirge
538 2428 674 2482 ferree

217 2491 387 2541 Subaxe
420 2500 597 2554 pontico
626 2501 705 2542 sub
733 2501 809 2542 illa
843 2503 965 2555 parte
999 2500 1074 2542 ubi

275 2576 435 2626 pontus
470 2576 536 2614 est

72 2642 426 2699 f01.31uAmplam
457 2643 593 2685 latam

217 2715 378 2757 Parum
410 2731 596 2771 paruum

163 2800 198 2826 30
217 2786 429 2830 Adtracto
462 2788 586 2830 breui

218 2860 358 2901 Busta
384 2860 521 2902 incisa
547 2861 677 2902 arbor
700 2860 832 2902 ramis
856 2862 1077 2918 trungatis

279 2930 439 2988 (Busta
488 2946 537 2975 ex
586 2931 773 2974 Bustum
823 2947 924 2976 corr.
963 2949 1017 2976 m.
1038 2938 1081 2976 1:

281 3003 503 3060 trungatis
546 3018 596 3047 ex
643 3008 877 3061 trungatus
927 3020 1083 3049 rasura

281 3073 455 3132 emend.)

224 3147 376 3191 Afficit
409 3148 574 3190 amauit
607 3149 675 3191 uel
710 3149 912 3192 onorauit

1115 2429 1357 2472 Territoria
1388 2431 1485 2473 loca
1517 2431 1687 2474 modica
1719 2435 1831 2474 terre

1117 2501 1300 2544 Glebam
1334 2502 1534 2558 cispitem

1116 2573 1374 2616 Coalescant
1405 2577 1589 2630 pascant

1115 2645 1198 2688 Per
1229 2646 1447 2688 hironiam
1479 2662 1557 2702 per
1589 2647 1858 2690 mendatium
1997 2660 2031 2684 65

1116 2717 1296 2760 Manum
1328 2719 1504 2760 turbam

1117 2790 1264 2832 Gallos
1295 2793 1465 2832 tensam
1491 2793 1635 2833 cutem
1659 2791 1702 2833 id
1731 2795 1797 2833 est
1824 2806 1974 2833 narras

1118 2862 1328 2904 Incusans
1361 2877 1568 2905 accusans

1119 2933 1372 2977 Inconsulto
1405 2950 1493 2977 non
1525 2936 1798 2991 interrogato

1120 3005 1286 3049 Probra
1318 3007 1552 3062 obprobria
1999 3018 2033 3043 ⁷0

1120 3078 1280 3133 Tropia
1314 3078 1439 3134 signa

1122 3149 1422 3193 Aduentantes
1456 3151 1734 3193 aduenientes

1619 3220 1692 3256 27³²*
