2221 3490
200 145 288 188 408
385 149 387 151 ’
450 142 691 180 SPECIMEN
718 140 902 178 CODICIS
929 139 1166 177 CANTABR.
1196 138 1418 176 COLLEGII
1444 138 1579 176 CORP.
1608 139 1714 175 OHR.

201 255 366 298 Dilotis
403 253 654 296 todaeldum

202 326 443 369 Dialectica
476 324 616 366 dualis
652 323 784 366 dictio

156 442 158 444 .
203 399 435 453 Diriguere
466 395 702 451 pallescere

204 469 383 512 Diocisa
415 467 674 524 gubernatio

161 563 184 588 -5
206 539 418 583 Diatrifas
452 539 679 581 conflictus

204 613 309 655 Dies
343 627 570 654 munerum
603 611 776 666 punitio
810 626 984 653 reorum

205 684 440 727 Delibutus
475 682 724 739 gesmirwid

206 756 373 799 Dilatio
407 755 581 811 aelding

206 828 338 870 Ditor
370 827 575 884 gefyrdro

156 921 189 946 1o
208 899 432 955 Discerpit
465 899 635 941 deforat

208 972 463 1015 Dissidebat
495 971 773 1013 discordabat

208 1045 384 1087 Diemat
417 1043 625 1086 demserit

208 1115 495 1172 Dispendium
527 1129 642 1157 wom

208 1188 469 1243 Disceptant
501 1187 617 1229 fiitat

158 1280 189 1306 15
213 1259 472 1303 Dissimulat
505 1259 644 1315 midid

210 1331 437 1387 Disparuit
469 1345 687 1387 ungesene
723 1331 867 1373 weard

210 1402 430 1446 Distraxit
461 1402 658 1445 uendidit

209 1476 530 1518 Distabuerunt
562 1476 762 1518 asundun

210 1548 394 1591 Dicatur
428 1550 706 1590 consecratur

159 1638 193 1663 20
212 1619 390 1662 Diditur
422 1619 683 1675 deuulgatur

210 1692 366 1735 Diuale
400 1691 548 1734 diuino

210 1765 462 1807 Discretum
496 1764 684 1806 diuisum

211 1837 429 1880 Disdonat
460 1851 539 1891 pro
573 1837 743 1879 diuersa
775 1838 909 1880 donat

211 1909 416 1952 Discolus
450 1908 640 1951 difficilis

160 1998 194 2024 25
213 1981 415 2024 Dictator
447 1980 687 2036 imperator

212 2053 449 2095 Discensor
481 2053 702 2108 ungedyre

213 2124 414 2167 Diribere
447 2125 726 2167 denumerare

214 2196 412 2252 Denique
444 2198 667 2251 postremo

214 2268 517 2325 Distinguitur
550 2268 804 2325 designatur

162 2357 198 2382 30
215 2340 407 2384 Disciuit
438 2340 581 2383 uoluit

216 2413 348 2455 Dicta
378 2427 534 2468 parens
566 2415 800 2468 praecepto
834 2413 1037 2455 obediens

217 2485 386 2527 Dissice
420 2485 619 2541 disperge

1158 250 1330 306 palmae
1350 247 1550 291 ambiunt
1570 251 1613 290 et
1638 249 1689 290 de
1710 249 1845 291 cauda
1865 264 1957 304 per-

1161 321 1271 363 cutit
1299 321 1401 376 quia
1426 322 1640 363 uenenata
1666 322 1710 362 et
1737 320 1870 362 curba
1890 323 1957 362 est

1099 392 1379 448 Dispalatum
1412 392 1672 449 diffugatum

1101 465 1365 521 Digitalium
1391 465 1688 507 musculorum
1713 463 1845 520 fingir
1865 463 1956 505 doc-

1161 552 1267 579 cana

1101 609 1296 651 Dialexis
1330 609 1642 664 disputationis

1101 681 1360 723 Diffitentur
1388 684 1552 737 negant

1105 753 1349 808 Dispuncta
1381 753 1634 808 dispensata
1981 766 2015 791 40

1105 825 1416 880 Disceptauero
1449 824 1561 866 sciro

1103 897 1309 940 Diffiteor
1340 911 1452 953 nego

1105 970 1321 1012 Diurnum
1353 969 1481 1010 unius
1515 967 1600 1011 diei
1632 966 1692 1025 (ei
1725 968 1771 1009 in
1802 965 1902 1022 ras.)

1104 1041 1432 1084 Discriminalia
1466 1040 1622 1096 capitis
1657 1041 1963 1081 ornamentum

1104 1114 1373 1156 Diuturnum
1405 1112 1534 1155 multi
1566 1111 1777 1166 temporis
1983 1123 2018 1148 45

1104 1186 1332 1228 Disertans
1365 1199 1604 1241 perornans

1109 1258 1317 1314 Dilargus
1350 1258 1538 1299 multum
1570 1257 1736 1298 donans

1109 1330 1248 1372 Diuus
1281 1330 1521 1385 imperator
1548 1328 1622 1384 qui
1647 1330 1750 1383 post
1779 1329 1966 1369 mortem

1169 1402 1294 1458 quasi
1326 1402 1429 1444 deus
1462 1400 1604 1443 factus
1637 1402 1702 1442 est

1109 1474 1292 1516 Dicreus
1326 1473 1535 1516 cretensis

1107 1546 1312 1588 Dissinus
1344 1560 1530 1601 persona
1562 1544 1858 1600 parasitorum
1986 1554 2021 1581 50

1109 1618 1371 1661 Didasculus
1408 1618 1561 1660 doctor

1109 1690 1323 1733 Deficitur
1353 1693 1488 1746 negat

1109 1762 1296 1805 Disfecit
1329 1762 1562 1818 disrumpit

1109 1834 1291 1877 Dicator
1324 1834 1398 1890 qui
1430 1833 1576 1876 uerbis
1609 1834 1719 1875 bene
1752 1832 1922 1874 iocatur

1111 1906 1352 1963 Dispungit
1391 1907 1524 1948 donat
1562 1904 1675 1947 unde
1713 1906 1757 1946 et
1798 1918 1968 1959 spuma·
1989 1920 2024 1947 55

1171 1982 1288 2021 tores
1310 1979 1512 2021 dicuntur
1534 1976 1607 2032 qui
1628 1976 1841 2018 militibus
1858 1976 1971 2017 dona

1172 2053 1356 2107 erogant

1111 2122 1461 2166 Discerniculum
1486 2122 1792 2164 ornamentum
1813 2119 1970 2175 capitis

1170 2194 1400 2250 uirginalis
1435 2208 1486 2236 ex
1518 2208 1623 2235 auro

1112 2267 1243 2309 Dicto
1278 2266 1456 2308 audiens
1490 2265 1578 2308 cito
1613 2264 1792 2306 audiens

1112 2339 1311 2394 Dispecit
1344 2337 1529 2380 secernit

1112 2410 1361 2453 Demolitur
1394 2408 1710 2451 exterminatur

1113 2483 1272 2525 Differt
1304 2481 1517 2537 dispergit
1991 2495 2026 2522 60

218 2557 439 2599 Dilectum
496 2556 642 2598 meniu
698 2554 817 2614 (add.
858 2555 1074 2614 corrector)
1113 2554 1269 2597 Dicam
1303 2553 1458 2609 quedol

279 2628 518 2671 exercitum

218 2701 408 2743 Difficile
441 2700 747 2742 wearnwislice

1114 2626 1245 2668 Dicas
1281 2625 1462 2681 quedole

1114 2697 1357 2755 Digladiati
1391 2697 1522 2740 occisi

167 2789 201 2814 35
220 2773 380 2828 Dipsas
438 2787 573 2829 genus
626 2773 841 2828 serpentis
893 2775 960 2814 est
1016 2772 1077 2814 in·
1115 2770 1241 2812 Diuis
1275 2784 1406 2825 opum
1437 2768 1694 2810 habundans
1727 2782 1859 2822 opum

279 2844 540 2887 tollerabilis
593 2844 764 2899 quando
815 2844 1078 2900 percusserit
1114 2841 1304 2884 Dictitat
1335 2841 1585 2896 frequenter
1617 2839 1757 2882 dicere
1993 2854 2028 2880 65

279 2915 501 2958 hominem
528 2915 601 2958 siti
622 2916 810 2958 moritur
829 2916 922 2971 ipse
946 2916 1076 2958 homo
1115 2913 1274 2970 Diique
1308 2913 1490 2969 denique

280 2988 391 3029 unde
424 2987 520 3042 ipsa
552 3002 728 3043 serpens
760 2987 907 3043 dipsas
940 2987 1078 3029 idest
1116 2985 1311 3028 Dissedit
1344 2985 1563 3027 discordat

283 3059 384 3102 sitio
411 3059 569 3102 dicitur
594 3060 729 3102 habet
760 3060 915 3115 longas
947 3059 1077 3114 pedes
1116 3057 1346 3100 Dictatura
1391 3057 1532 3098 honor
1577 3058 1644 3098 est
1694 3068 1824 3110 supra
1874 3067 1973 3096 con-

284 3134 327 3173 et
367 3146 505 3174 semes
545 3132 785 3188 grossitum
826 3130 938 3173 sicut
970 3131 1078 3172 duae

1177 3128 1337 3171 sulatio
