2216 3402
236 132 320 174 132

230 242 403 284 Peritus
424 276 433 284 .
454 243 636 284 scientia
667 242 820 296 plenus

229 313 392 356 Peritia
413 348 421 355 .
443 313 639 355 doctrina

229 374 518 428 Perimetrum
540 418 548 426 .
568 385 726 426 lineam

229 458 404 500 Pei-lata
424 490 432 498 .
452 459 706 511 perportata

192 542 208 565 5
229 529 477 571 Perlabitur
498 560 508 570 .
527 528 743 582 percurrit

227 600 526 642 Perniciosum
552 633 560 640 .
586 599 712 640 ualde
748 599 951 641 nociuum
979 633 987 641 .
1014 600 1083 642 uel

286 671 468 727 pestifer

227 743 450 786 Pei-nicius
473 775 482 784 .
503 742 696 785 uelocius

227 816 444 858 Pernicies
466 848 474 856 .
495 814 708 870 malitia1)

227 888 438 930 Perosum
459 919 468 929 .
490 886 587 928 odio
620 885 820 927 habitum

175 972 207 996 10
227 959 457 1002 Perorabit
479 991 488 999 .
509 958 705 1013 preclara
737 959 930 1000 adseruit

226 1031 464 1086 Perperum
485 1062 494 1070 .
514 1045 767 1085 peruersum

226 1104 530 1158 Perpetratum
551 1135 560 1142 .
582 1101 862 1143 commissum

226 1175 412 1230 Pei-pere
433 1208 440 1215 .
463 1173 653 1215 erradice

225 1247 466 1302 Perruptus
487 1278 496 1286 .
516 1245 562 1286 in
594 1245 731 1286 altum
763 1245 932 1286 leuatus

172 1330 204 1355 15
223 1319 524 1361 Perstromata
545 1350 552 1357 .
574 1316 718 1372 gemia

171 1424 173 1426 -
222 1391 414 1433 Persona
435 1423 443 1431 .
465 1403 514 1430 eo
548 1389 662 1444 quod
693 1403 818 1443 perse
840 1420 849 1428 .
870 1403 956 1429 una
988 1391 1055 1428 est

223 1463 489 1517 Persuperos
511 1494 519 1501 .
539 1460 721 1515 perdeos

223 1534 352 1576 Perse
374 1567 383 1575 .
405 1535 643 1575 temtantes

222 1605 511 1647 Pertinaciter
533 1637 541 1644 .
563 1604 716 1645 callide
750 1605 920 1645 austere

83 1677 415 1723 f01.12vPe1-tella
431 1709 439 1718 .
454 1690 530 1731 per
549 1675 692 1716 hostis
718 1678 988 1730 perarmatos
1009 1675 1082 1716 ho-

283 1752 371 1790 stes

168 1833 199 1857 21
221 1819 427 1862 Peruium
448 1851 457 1860 .
477 1833 554 1874 per
585 1818 764 1873 planum

220 1891 430 1933 Peruicax
451 1924 459 1932 .
481 1892 684 1932 constans
694 1888 728 1945 2)
761 1904 1043 1944 perseuerans

221 1963 435 2005 Pestifero
458 1997 465 2004 .
487 1961 714 2004 mortifero

219 2034 427 2077 Pesulum
448 2068 456 2076 .
476 2034 701 2089 pesculum

165 2120 200 2144 25
219 2106 372 2148 Petere
393 2139 402 2148 .
424 2105 626 2160 adpetere

219 2178 474 2220 Petulanter
496 2211 503 2218 .
524 2176 804 2231 inprudenter

218 2250 445 2292 Petulcum
467 2282 476 2290 .
497 2248 707 2290 lasciuum

217 2321 423 2363 Petulcus
469 2320 609 2361 dictus
643 2353 652 2361 .
684 2319 737 2360 ab
789 2320 1030 2374 appetendo
1063 2353 1070 2361 .

276 2393 419 2434 hunde
453 2391 585 2433 etiam
606 2424 615 2432 .
637 2393 680 2432 et
720 2390 969 2433 meretrices
1002 2406 1072 2446 pe·
1110 2388 1374 2432 *pentisilea
1412 2425 1419 2432 .

277 2465 416 2506 tulcas
447 2477 654 2505 uocamus

218 2535 456 2578 Petulanus
476 2568 484 2577 .
504 2538 735 2590 proteruus
758 2570 765 2577 .
786 2534 1028 2577 inuidiosus

163 2622 198 2645 30
217 2608 372 2650 Petrus
394 2641 402 2649 .
423 2621 661 2663 agnoscens

216 2679 402 2721 Peduint
424 2712 432 2720 .
452 2679 635 2734 perdant

216 2749 506 2806 ‘¹³²Perpetuare
528 2784 535 2790 .
557 2750 818 2805 coniungere

216 2821 467 2864 ²³²Pertineat
487 2856 494 2863 .
516 2821 742 2877 perueniat

216 2892 441 2936 ssPersolas
463 2927 472 2935 .
491 2907 699 2949 personas

342 3059 372 3102 1)
405 3059 547 3093 Pernox
578 3057 841 3103 peruigilans.

215 3118 251 3163 2)
283 3129 298 3151 s
321 3119 428 3162 prior
453 3129 479 3152 s.
507 3129 572 3152 scr.
604 3120 616 3162 ΙΙ

763 132 996 168 PLAcmvs
1023 133 1207 168 cumeis
1233 113 1446 168 PARISIN‘I

1123 242 1290 284 *Pellui
1311 275 1320 284 .
1342 243 1395 284 ab
1429 256 1479 303 eo
1507 241 1622 297 quod
1646 242 1804 296 pedum
1820 241 1979 297 ,pellu—
1999 255 2034 279 35

1183 314 1255 356 uio
1279 347 1286 355 .
1307 316 1410 355 sunt
1436 347 1444 355 .
1471 316 1521 355 ut
1553 313 1811 355 malluuium
1847 314 1950 355 nani

1123 385 1372 428 ssPeruitam
1419 385 1536 427 iurat
1564 421 1570 427 .
1598 385 1753 427 melius
1798 384 1980 426 dicimus

1182 473 1311 513 quam
1336 458 1475 499 uitam
1501 457 1615 498 iurat
1634 491 1642 498 .
1663 459 1810 499 tamen
1834 457 1951 499 iurat
1971 490 1980 499 .

1182 529 1315 571 etiam
1347 529 1486 570 uitam
1518 529 1718 571 absoluet

1124 600 1274 643 Peiero
1296 636 1303 644 .
1324 601 1492 656 peieras
1514 635 1522 642 .
1542 601 1709 656 peierat
1725 634 1733 641 .
1747 599 1853 642 facit
1888 615 1980 642 uer-

1182 688 1286 715 uum
1331 673 1531 728 quamuis
1576 673 1749 727 peiuras
1783 706 1791 713 .
1822 686 1979 714 nomen

1183 745 1351 787 dicatur
1379 779 1387 787 .
1413 744 1529 786 iurat
1567 759 1670 786 uero
1699 777 1707 785 .
1734 743 1875 785 eiurat
1902 777 1910 785 .
1937 745 1981 785 et

1182 816 1351 859 deiurat
1382 849 1390 858 .
1424 816 1530 858 facit
1567 816 1693 858 ualde
1723 851 1731 858 .
1761 815 1878 857 iurat
1909 815 1980 856 uel

1181 889 1284 930 deos
1307 923 1314 929 .
1336 888 1460 943 quasi
1497 903 1575 943 per
1607 889 1709 930 deos
1748 887 1865 929 iurat
1886 920 1895 928 .
1917 889 1979 928 ta-

1182 975 1280 1001 men
1313 960 1532 1001 interdum
1564 960 1682 1001 iurat

1120 1029 1337 1073 *Pensum
1370 1045 1503 1085 quum
1524 1064 1531 1072 .
1551 1046 1580 1072 n
1601 1065 1610 1073 .
1631 1031 1882 1086 apendendo
1918 1030 1978 1072 di-

1181 1105 1300 1144 ctum

1121 1174 1303 1215 Persum
1323 1188 1411 1215 non
1431 1174 1614 1216 dicimus
1631 1208 1638 1215 .
1655 1176 1721 1216 set
1741 1174 1956 1229 persicum
1969 1209 1977 1216 .

1181 1248 1224 1287 et
1256 1248 1324 1287 est
1356 1245 1557 1301 generis.
1583 1236 1662 1288 fffii
1688 1279 1697 1286 .
1716 1245 1886 1287 fructus
1917 1248 1977 1286 ta-

1179 1331 1278 1358 men
1308 1317 1454 1358 neutri

1118 1387 1262 1431 Persis
1285 1422 1293 1430 .
1315 1388 1546 1430 mulierum
1573 1423 1581 1430 .
1608 1388 1882 1431 nominatiuo
1919 1389 1978 1430 di·
1997 1405 2032 1429 40

1178 1460 1312 1502 citur.
1328 1461 1500 1516 gfiitiuo
1516 1495 1525 1503 .
1539 1460 1724 1516 persidis
1737 1494 1745 1502 .
1756 1461 1952 1515 persidos
1969 1493 1978 1502 .

1178 1532 1359 1573 latinius
1393 1534 1541 1574 tamen
1571 1532 1756 1587 persidis

1119 1602 1381 1645 ²“Pellexeris
1402 1637 1411 1645 .
1430 1604 1698 1659 persuaseris
1720 1637 1728 1645 .
1752 1604 1976 1659 pelliciens

1179 1676 1442 1731 persuadens
1477 1675 1635 1717 dicitur

1118 1747 1293 1790 ²³²Pellex
1313 1781 1321 1789 .
1342 1747 1583 1790 concubina

1117 1818 1466 1861 ssPerduelliones
1506 1853 1514 1860 .
1554 1818 1812 1861 reuelliones
1851 1853 1859 1861 .
1898 1835 1976 1874 per

1112 1935 1116 1940 ⁴
1178 1907 1285 1947 quos
1299 1891 1413 1933 uella
1424 1890 1624 1932 oriuntur
1636 1923 1644 1931 .
1656 1890 1848 1932 duellum
1860 1890 1973 1932 enim

1177 1963 1335 2005 dicitur
1357 1996 1364 2003 .
1386 1962 1510 2016 quasi
1542 1962 1726 2003 duorum
1744 1995 1752 2002 .
1773 1961 1937 2003 uellum

1117 2033 1324 2076 Pellicere
1347 2068 1353 2074 .
1374 2033 1634 2075 blandiendo
1668 2033 1821 2075 elicere

1116 2103 1304 2161 '‘³²Pegma
1348 2107 1414 2146 est
1443 2138 1450 2146 .
1484 2118 1619 2160 genus
1663 2105 1971 2147 macinamenti
1990 2120 2026 2145 45

1175 2176 1221 2217 in
1266 2176 1418 2218 teatris
1463 2176 1626 2218 exiberi
1671 2176 1805 2218 soluti
1844 2210 1851 2217 .
1886 2191 1971 2232 quo

1174 2249 1275 2289 affl
1302 2281 1310 2288 .
1336 2248 1416 2290 hec
1449 2247 1574 2290 anica
1594 2281 1602 2289 .
1624 2248 1782 2290 scenici
1816 2248 1973 2290 ludunt

1173 2319 1307 2360 uariis
1341 2319 1481 2361 modis

1459 2406 1717 2433 amazonum
1770 2391 1922 2447 regina
1962 2380 1968 2432 ζ

1168 2477 1372 2504 amazone
1399 2477 1502 2504 uero
1530 2465 1677 2504 erant.
1696 2462 1855 2505 femine
1882 2463 1971 2505 bel-

1169 2533 1344 2575 latrices
1379 2567 1388 2575 .
1422 2549 1473 2575 ex
1505 2534 1827 2590 genescitarum
1860 2567 1869 2576 .
1902 2534 1970 2576 de-

1172 2605 1424 2647 scendentes
1440 2639 1448 2646 .
1462 2605 1573 2647 hanc
1594 2619 1697 2662 ergo
1713 2639 1722 2647 .
1736 2606 1945 2654 homerus
1961 2639 1969 2647 .

1171 2676 1410 2719 introducit
1442 2677 1782 2732 tempore.belli
1813 2677 1969 2719 troici.

1172 2748 1216 2789 in
1262 2748 1509 2790 auxisilium
1553 2749 1722 2803 priamo
1762 2747 1932 2790 uenisse
1959 2780 1968 2789 .

1172 2834 1302 2874 quam
1347 2820 1494 2863 acilles
1534 2853 1543 2862 .
1581 2834 1692 2862 unus
1737 2834 1969 2876 grecorum

1171 2891 1327 2933 ducum
1359 2891 1627 2934 fortissimus
1648 2923 1657 2933 .
1679 2891 1839 2934 occidit

863 3055 1070 3092 Perniciem
1095 3067 1194 3090 mors
1220 3056 1282 3091 uel
1306 3055 1492 3100 perdictio
1524 3057 1608 3093 add.
1635 3068 1681 3091 m.
1696 3058 1722 3092 2
1746 3057 1789 3091 in
1813 3067 1929 3101 mary.
1955 3056 1968 3102 Η
