2175 3428
138 109 225 151 244

137 218 292 276 Segnis
326 220 367 261 id
396 222 461 261 est
493 220 583 261 sine
617 220 718 275 igne
745 223 794 261 ut
827 220 988 262 securis

136 337 139 339 ,
196 291 286 332 sine
320 307 422 333 cura
456 295 499 333 et
532 291 707 333 sedulus
740 291 832 333 sine
866 292 966 334 dolo

136 362 293 405 80111113
339 362 492 405 ciuitas
542 363 745 419 uirgilius
794 364 991 418 palmosa

194 435 340 476 30111113

133 505 421 548 Sementeuna
464 506 615 548 femini
660 508 830 562 generis
877 509 988 550 ratio

190 581 257 620 est
289 578 582 633 agriculturae

132 649 379 691 Sementem
425 652 546 691 tuam
590 649 741 692 femini
785 652 898 707 geris
938 653 989 694 de

189 721 404 763 fructibus
437 721 601 763 dictum

95 793 345 835 5801110111313
361 793 392 849 ¹)
437 794 516 848 hec
567 795 839 837 nomin-atino
885 811 988 837 casu

77 1388 108 1411 10

189 865 294 907 facit
326 865 437 907 lianc
470 869 707 908 sementem

131 937 431 979 Sesemensam
465 938 817 981 semicomestum

130 1008 381 1052 Semensam
416 1010 767 1053 semicomestum

130 1079 397 1123 Semiustum
455 1083 884 1124 semiustumulatum
943 1086 986 1125 et

187 1153 403 1195 incessum

128 1223 393 1267 Semiustum
458 1241 508 1267 ex
564 1228 732 1280 partem
789 1227 985 1281 proflam—

186 1299 352 1338 matum

129 1367 262 1410 Sensa
311 1371 416 1410 nota
466 1385 544 1424 pro
591 1385 743 1412 sensus
789 1371 984 1426 corporis

186 1454 311 1482 sensa
356 1440 440 1482 dici
486 1442 672 1484 donatus
718 1443 984 1498 gramaticus

186 1512 248 1553 ait
269 1512 494 1567 epicureus
516 1514 706 1555 ostendit
727 1514 874 1556 omnia
889 1529 985 1556 con-

184 1583 392 1638 prehendi
425 1600 553 1639 posse
588 1600 713 1627 sensa
747 1586 940 1641 corporis

127 1653 385 1710 Saepedium
421 1656 639 1712 refugium

127 1725 259 1781 Sepes
288 1727 556 1770 munimenta
581 1728 850 1787 santorum2)
883 1734 984 1772 sunt

186 1799 296 1841 uude
330 1802 373 1841 et
406 1801 592 1855 apellate

128 1869 422 1925 Seplassarius
455 1874 705 1928 negotiator
738 1873 811 1928 qui
845 1874 984 1915 multa

184 1944 402 1985 uenundat
423 1958 551 1998 quem
579 1945 696 2000 greci
723 1947 982 2001 pantapoles

183 2018 344 2057 uocant

127 2084 331 2140 Seplassu
371 2088 504 2129 statio
543 2088 618 2129 ubi
656 2089 882 2145 pigmenta
914 2105 983 2132 ue-

184 2159 434 2200 nundantur
456 2160 569 2214 quod
592 2160 709 2215 greci
732 2161 983 2216 miropilion

186 2229 335 2272 dicunt

92 2319 106 2343 r,
127 2301 358 2355 &equester
392 2306 618 2357 susceptor
648 2303 845 2360 pignoris

128 2371 360 2428 Sequester
393 2374 640 2429 pedisequis
671 2378 746 2416 aut
773 2376 983 2418 discretor

222 2505 257 2548 1)
289 2515 315 2537 n
340 2504 425 2539 add.
451 2515 495 2539 m.
511 2508 536 2540 2
568 2505 580 2549 ΙΙ
612 2506 646 2550 2>
678 2505 721 2539 nt
741 2516 811 2550 pro
838 2516 857 2539 c
883 2517 927 2540 m.
945 2509 969 2540 2
1002 2506 1013 2550 ΙΙ

592 110 850 157 ΕΧΟΕΒΡΈΑ
875 109 938 144 EX
966 109 1110 146 LIBRO
1138 110 1429 147 GLOSSARVM

1032 219 1284 275 Sequestres
1316 220 1541 276 pedisequi
1574 221 1831 265 discretores

1032 291 1265 347 Sequester
1298 293 1372 348 qui
1411 293 1680 335 certantibus
1719 295 1885 337 medius

1089 364 1325 406 interuenit
1356 380 1434 420 per
1461 380 1544 421 quo
1574 367 1759 420 utraque
1785 380 1893 421 pars⁸

1089 439 1132 478 et
1166 451 1296 490 quam
1329 436 1458 478 fidem
1491 439 1699 492 sequatur

1030 506 1156 550 Seras
1190 512 1228 557 R
1259 508 1474 550 serotinas
1503 523 1547 550 se
1575 509 1689 550 enim
1717 509 1887 564 syllaba

1088 580 1132 621 in
1164 580 1414 623 huiusmodi
1449 580 1699 622 nominibus
1731 581 1886 635 produ-

1088 652 1201 694 citur
1227 653 1365 694 almar
1386 652 1500 694 enim
1529 667 1673 694 serum
1693 667 1745 693 ex
1771 652 1884 707 lacte

1087 724 1269 766 dicimus

1028 795 1216 838 Serculis
1249 796 1422 852 plangis

1027 866 1149 909 Seria
1174 869 1419 910 necessaria
1446 867 1598 924 grauia
1624 870 1674 909 ut
1697 868 1881 910 donatus

1027 938 1211 994 Serpens
1275 942 1381 995 aput
1443 939 1666 995 uirgilium
1726 953 1882 995 genere

1084 1012 1323 1053 masculino
1369 1011 1482 1066 apud
1522 1010 1753 1053 salustium
1797 1011 1883 1053 foe-

1084 1083 1238 1124 minini
1270 1097 1409 1138 neque
1438 1097 1615 1137 serpens
1641 1083 1883 1137 pernitiosa

1027 1153 1165 1196 Sibila
1198 1155 1424 1196 sibilantia

1025 1225 1162 1268 Sibila
1201 1242 1277 1269 ora
1318 1242 1396 1282 pro
1437 1226 1617 1268 sibilant
1659 1226 1881 1269 sallustius

1084 1298 1286 1340 cohortes
1319 1298 1501 1340 festinas
1534 1302 1825 1353 conposuerat

1026 1369 1188 1412 Sibilus
1216 1385 1267 1413 ex
1300 1370 1471 1426 generis
1500 1371 1683 1413 masculi
1711 1386 1880 1426 semper

1083 1444 1150 1483 est
1199 1457 1300 1484 nam
1346 1442 1475 1484 sibila
1524 1458 1603 1497 pro
1648 1442 1880 1499 participio

1082 1514 1261 1569 ponitur

1026 1584 1172 1641 Signis
1218 1588 1406 1642 aegyptu
1446 1601 1668 1628 mensuras
1710 1587 1879 1629 uiarum

1082 1661 1242 1700 uocant
1264 1658 1377 1712 quod
1399 1657 1504 1713 galli
1526 1658 1676 1713 leugas
1698 1661 1742 1701 et
1762 1659 1879 1714 greci

1083 1730 1224 1772 stadia
1256 1732 1509 1785 nuncupant

1024 1801 1195 1844 Silanos
1229 1802 1359 1844 tubos

1023 1872 1192 1928 Siliqua
1242 1873 1379 1915 siluca
1431 1873 1626 1929 ispicano
1676 1874 1878 1930 uirgilius

1080 1945 1193 1987 unde
1224 1945 1345 2000 prius
1383 1945 1519 1987 letum
1559 1946 1717 2001 siliqua
1753 1961 1879 2002 quas—

1082 2019 1204 2058 sante
1237 2017 1440 2072 legumen

1023 2088 1201 2144 Siliquis
1217 2088 1364 2130 silucis
1381 2088 1512 2143 spicis
1527 2089 1729 2145 uirgilius
1752 2103 1876 2145 gran-

1081 2160 1175 2202 (1101·
1208 2163 1284 2202 aut
1316 2160 1430 2202 fetus
1470 2160 1639 2216 siliquis
1673 2161 1876 2203 facilibus

1081 2235 1196 2273 esset

1023 2303 1139 2346 811110
1155 2304 1318 2359 capelle
1333 2304 1415 2346 1100
1433 2307 1500 2345 est
1514 2304 1692 2346 naribus
1711 2304 1874 2359 pressis
1896 2316 1910 2340 3

1081 2377 1192 2418 unde
1225 2376 1349 2417 simie
1382 2391 1553 2431 quoque
1586 2377 1698 2418 dicte
1732 2379 1834 2418 sunt

224 2627 253 2657 1..
286 2622 385 2658 idest
410 2636 454 2659 ω]
479 2623 579 2658 idem
606 2635 695 2659 corr.
726 2626 730 2668 l
761 2634 910 2659 securus
940 2625 944 2672 Ι
972 2623 1056 2660 isid.
1085 2625 1159 2660 eod.
1199 2626 1210 2669 ΙΙ
1247 2629 1278 2660 3.
1312 2624 1485 2660 feminini
1511 2637 1554 2661 ex
1580 2624 1711 2660 femini
1742 2637 1833 2662 corr.
1859 2626 1872 2674 Η

125 2686 156 2717 4.
185 2682 356 2718 feminini
382 2695 426 2718 ea:
456 2683 587 2718 femini
613 2695 703 2719 corr.
740 2686 743 2727 Ι
778 2683 926 2730 generis
954 2695 997 2719 ea:
1023 2684 1121 2730 geris
1148 2696 1238 2720 corr.
1268 2685 1280 2730 11
1318 2688 1348 2720 6.
1378 2684 1689 2733 Se{{me{sam
1724 2688 1727 2730 Ι
1763 2684 1871 2720 semi-

126 2744 328 2778 coniestam
365 2745 377 2789 ΙΙ
416 2747 446 2778 7.
481 2743 671 2778 Seniesum
709 2745 720 2789 Η
758 2746 789 2778 8.
824 2743 1044 2779 semiustum
1069 2744 1190 2779 latum
1224 2746 1229 2789 1
1264 2745 1457 2779 incensum
1494 2746 1505 2790 ΙΙ
1546 2748 1694 2780 10-14,
1726 2746 1793 2780 has
1823 2746 1870 2791 91.

125 2814 189 2837 om.
223 2804 233 2847 11
266 2805 320 2838 16,
347 2802 577 2847 Pedisequus
603 2815 646 2839 ea:
671 2803 889 2849 Pedisequis
921 2815 1013 2840 corr.
1042 2806 1053 2848 ΙΙ
1087 2808 1141 2840 18.
1176 2805 1213 2839 et
1238 2804 1367 2851 quam]
1394 2815 1530 2849 equam
1561 2805 1572 2849 ΙΙ
1605 2808 1659 2840 19.
1694 2804 1833 2840 sillaba
1863 2805 1868 2852 Ι

125 2872 247 2896 serum
272 2874 316 2897 ex
341 2873 462 2897 seram
488 2874 577 2898 corr.
610 2865 621 2907 ΙΙ
653 2867 708 2898 22.
736 2865 828 2909 aput
854 2863 1066 2899 sallustium
1095 2867 1098 2907 ξ
1127 2863 1306 2899 feminino
1333 2876 1377 2900 ex
1402 2863 1574 2899 feminini
1599 2875 1690 2900 corr.
1715 2866 1719 2909 Ι
1748 2864 1870 2910 perni-

127 2921 226 2955 ciosa
245 2924 256 2966 Η
283 2925 337 2957 24.
365 2921 529 2957 Sibilant
552 2927 555 2962 Ι
579 2934 644 2957 ora
670 2934 735 2958 om.
761 2927 764 2967 Ι
788 2925 930 2959 coortes
957 2925 968 2969 ΙΙ
995 2928 1049 2959 25.
1078 2934 1123 2958 ex
1148 2925 1215 2959 del.
1241 2928 1245 2968 Ι
1267 2923 1467 2958 masculini
1493 2936 1536 2960 ωε
1562 2923 1720 2958 masculi
1745 2935 1836 2960 corr.
1865 2924 1869 2971 Ι

126 2980 325 3025 participio
353 2993 396 3016 aaz:
421 2981 623 3035 participia
648 2994 738 3018 corr.
778 2985 789 3029 ΙΙ
826 2987 880 3019 26,
910 2984 1069 3030 Siguesl
1099 2983 1252 3029 aegiptu
1289 2985 1300 3028 ΙΙ
1339 2988 1393 3019 27.
1423 2983 1585 3019 Sillanos
1622 2986 1633 3030 ΙΙ
1671 2987 1727 3019 28.
1754 2983 1873 3018 siluca

125 3052 170 3074 m.
189 3045 218 3085 l,
246 3040 380 3088 siliqug¹
406 3054 432 3076 s.
458 3053 525 3077 scr.
552 3054 597 3077 m.
613 3047 636 3077 (i
665 3044 669 3087 Ι
701 3042 821 3088 ispica
847 3055 891 3079 ατ
915 3043 1074 3088 ispicam
1100 3055 1190 3079 corr.
1223 3045 1233 3088 ΙΙ
1266 3046 1318 3077 29.
1350 3043 1526 3078 facilibus
1551 3055 1596 3078 m.
1612 3047 1644 3089 1,
1671 3042 1872 3078 fallacibus

126 3106 208 3134 msa·
244 3102 248 3145 1
283 3112 362 3135 0330
395 3103 405 3146 Η

1903 808 1938 833 20
