2221 3490
251 160 336 202 612

252 268 506 310 Tartarium
538 265 748 308 horribile

251 340 420 396 Tegora
453 342 580 393 tegus
611 337 728 379 coria
759 337 829 378 uel
862 337 1105 391 posteriora

310 412 604 452 iumentorum

251 483 414 524 Tenilis
448 481 523 536 qui
554 483 702 535 potest
734 483 879 521 tenere

197 597 200 601 ,
250 554 547 595 Terimentum
575 552 891 594 nutrimentum

216 637 232 661 5
251 625 494 667 Testinium
529 627 824 678 opportunum

252 697 508 738 Tironatum
542 695 739 736 rudimen

252 768 508 823 Togillatim
542 766 800 822 singillatim

253 837 540 894 Togipurium
573 841 677 894 toga
709 853 817 893 pura

251 910 405 952 Tritile
439 910 553 964 quod
586 910 667 951 teri
700 912 846 964 potest

200 997 232 1021 10
253 982 464 1024 Trocinus
498 985 640 1023 sectae
674 995 809 1036 genus
843 982 1024 1022 arduum

254 1053 505 1109 Tuligatum
540 1052 755 1107 carpitum

253 1125 489 1180 Tuspollen
532 1140 689 1166 manna
726 1124 796 1165 uel
841 1139 976 1180 genus
1017 1125 1110 1181 pig·

314 1196 450 1239 menti

254 1270 474 1311 Tautones
507 1268 740 1323 palpebrae

255 1341 491 1383 Teloneum
525 1339 648 1394 quasi
682 1339 874 1380 omnium
910 1339 1111 1381 littorum

314 1413 474 1455 fiscalis
509 1411 737 1453 conductio

203 1499 235 1524 15
255 1486 420 1527 Tiaries
455 1483 692 1539 portitores
727 1483 952 1538 signorum

254 1557 540 1613 Tongillatim
574 1555 804 1610 sigillatim

255 1630 481 1671 Tollerunt
514 1629 758 1683 genuerunt

254 1699 502 1756 Tugellaria
528 1698 740 1740 maleficia
767 1713 815 1740 eo
839 1699 953 1753 quod
982 1714 1112 1754 supra

315 1771 548 1827 tegugulas
582 1770 826 1812 sacrificent

255 1844 398 1886 Tullia
428 1842 570 1884 media
600 1842 671 1883 uel
707 1842 827 1897 regia

203 1930 236 1954 20
256 1918 300 1958 in
332 1916 429 1958 aliis
463 1913 706 1970 Tegellaria
741 1914 934 1956 uenefica

256 1989 447 2044 Tragum
479 1985 742 2028 uerriculum

257 2060 391 2102 Talax
425 2072 602 2101 scaurus

257 2132 439 2174 Talitius
474 2129 638 2172 colafus
670 2129 716 2170 in
747 2129 836 2170 talo

258 2204 413 2246 Tames
448 2216 573 2244 cruor
606 2201 784 2257 sanguis

204 2288 237 2314 25
257 2275 470 2317 Tabernio

257 2347 401 2389 Tabae
435 2345 622 2387 mutiae'

258 2418 464 2460 Titiensis
511 2417 689 2471 clangor
733 2416 757 2457 i.
802 2415 969 2457 sonitus
1015 2430 1113 2457 cum

318 2490 513 2531 tumultu

259 2562 365 2604 Tam
392 2561 514 2602 nefas
542 2563 633 2600 tam
660 2559 914 2600 detestabile
947 2558 1113 2601 factum

259 2633 406 2675 Tallus
441 2631 631 2674 calculus
664 2631 816 2671 tabula

207 2718 241 2742 30
260 2705 441 2746 Tarmus
473 2717 642 2744 uermes
675 2702 719 2743 111
753 2716 878 2743 carne

260 2776 407 2832 Tagax
438 2774 692 2816 furunculus

260 2847 435 2888 Terrale
468 2861 603 2902 genus
637 2845 773 2886 uestis

262 2918 572 2973 Terrigiponae
601 2932 708 2971 quac
743 2919 859 2957 terra
887 2915 1064 2969 capiunt
1090 2915 1116 2956 i.

321 2990 512 3044 piscinae
559 3003 664 3044 quas
711 2991 754 3029 et
799 2987 918 3029 lacus
963 2985 1117 3028 rustici

322 3064 481 3102 uocant

263 3131 533 3173 Tinctorium
566 3131 736 3186 gladius

881 155 1095 191 GLOSSAE
1125 155 1379 190 SCALIGERI

1143 264 1291 306 Thoca
1322 264 1460 305 flauus
1493 263 1562 304 uel
1594 263 1730 304 uestis
2018 274 2052 300 35

1143 335 1300 377 Tocuis
1329 335 1519 377 calculus
1546 334 1687 376 dictus
1716 336 1782 375 est
1810 334 1998 388 compito

1204 407 1297 449 solo
1330 406 1431 461 pilis
1461 406 1574 461 quod
1608 404 1691 446 sibi
1722 407 1999 459 componunt.

1205 479 1324 520 calex
1351 478 1466 519 enim
1492 477 1603 531 lapis
1631 479 1698 518 est
1725 476 1915 518 calculus
1943 476 2001 517 di-

1204 550 1468 591 minutiuum

1144 621 1338 663 Trochus
1373 623 1469 662 rota
1501 620 1727 662 ludentum

1147 692 1345 735 Trictilia
1376 691 1451 732 ubi
1483 691 1672 746 pendent
1703 691 1852 733 uaciae

1145 764 1357 806 Tucetum
1384 763 1487 805 bula
1513 763 1687 805 condita
1713 763 1826 817 apud
1854 762 2002 804 Gallos
2044 817 2046 820 y

1208 837 1391 891 Alpinos

1146 909 1286 950 Tuore
1318 908 1418 949 uisu

1148 979 1451 1035 Tongilliatim
1484 977 1604 1031 loqui
1631 976 1779 1031 prauis
1806 977 1951 1018 uerbis
1980 992 2004 1018 a

1208 1050 1408 1106 Tongilio
1436 1049 1627 1103 parasito
1658 1048 1731 1103 qui
1760 1048 1804 1089 in
1836 1048 1918 1089 hoc
1944 1047 2005 1089 in-

2023 916 2058 941 40

1207 1124 1387 1164 uenerat
1419 1121 1533 1162 risus
1561 1120 1792 1175 aucupium
1819 1122 1868 1160 ut
1895 1119 2005 1160 salu-

1209 1197 1327 1235 tatus
1379 1192 1573 1234 conuicio
1629 1191 1911 1245 responderet
1962 1192 2005 1231 et

1211 1264 1540 1305 maledicentem
1573 1262 1785 1304 salutaret
1818 1262 2006 1303 blandis—

1211 1335 1315 1376 sime

1148 1406 1390 1448 Turturilla
1420 1406 1483 1448 ita
1516 1406 1656 1448 dictus
1689 1406 1809 1448 locus
1843 1406 1888 1447 in
1921 1420 2004 1461 quo

1210 1478 1480 1533 corruptelae
1507 1478 1671 1518 fiebant
1692 1478 1805 1531 quod
1833 1477 1893 1518 ibi
1920 1482 2006 1518 tur-

1209 1551 1297 1592 turi
1331 1564 1462 1605 opera
1494 1549 1669 1590 daretur
1701 1549 1726 1589 i.
1759 1563 1916 1603 panem

1150 1622 1294 1664 Tuber
1328 1621 1402 1663 siti
1436 1621 1708 1662 subterranei
1784 1615 1789 1619 ’

1151 1694 1399 1736 Tironicare
1433 1692 1622 1733 militare

1151 1766 1342 1822 Tragum
1375 1765 1488 1805 inter
1520 1762 1740 1819 legumina
2025 1775 2059 1799 45

1150 1837 1454 1893 Tragispicum

1150 1910 1355 1951 Trimitat
1385 1910 1487 1963 post
1517 1922 1627 1948 urna

1151 2052 1465 2107 Vaniparentes
1492 2050 1640 2091 inanes
1665 2049 1891 2091 mendaces
1917 2048 2010 2090 inu-

1212 2125 1311 2166 tiles
1343 2122 1529 2178 pellaces

1154 2197 1297 2239 Verax
1330 2193 1523 2237 sonticus
1556 2192 1694 2234 fidelis

1154 2268 1374 2310 Verbosus
1408 2267 1597 2320 nugator
1628 2263 1843 2318 pessimus

1151 2338 1434 2394 Vespeliones
1480 2336 1654 2378 fossarii
1695 2335 1769 2390 qui
1809 2338 2006 2376 mortuos

1212 2410 1428 2465 sepeliunt

1153 2481 1421 2524 Vestiarium
1454 2478 1752 2535 erogatorium

1153 2554 1346 2596 Victimo
1379 2552 1558 2594 immolo

1154 2625 1391 2667 Vidubium
1416 2623 1488 2678 qui
1516 2623 1622 2664 duos
1650 2621 1832 2663 maritos
1858 2620 2007 2662 amisit

1156 2697 1325 2739 Viticus
1368 2698 1488 2737 actor
1526 2696 1700 2736 exactor
1739 2692 1870 2734 uillae
1908 2705 2008 2746 pen·-
2027 2701 2062 2727 55

1215 2769 1385 2810 8101111111
1416 2765 1651 2807 insularius

1155 2838 1496 2882 Votificantibus
1530 2837 1643 2878 dona
1675 2834 1915 2877 libantibus

1160 2912 1379 2954 Vallemac
1412 2909 1483 2965 pia
1515 2908 1770 2949 inhonestae
1798 2905 2007 2949 cantatio-

1214 2998 1289 3024 nes
1323 2986 1365 3023 et
1397 2980 1590 3023 carmina
1621 2978 1801 3033 iocaque
1835 2976 1980 3032 turpia

1154 3054 1395 3097 Vultuosus
1429 3052 1570 3094 tristis

1157 3126 1302 3168 Vabra
1336 3125 1516 3168 callidus
1550 3122 1811 3164 artificiosus

2025 2274 2060 2299 50
