2216 3402
762 137 996 174 PLACIDVS
1023 137 1209 173 CODICIS
1234 136 1447 172 PARISINI

225 252 494 307 Principium
515 285 522 292 .
544 250 719 292 initium

224 324 372 366 Primo
406 338 559 366 somno
582 357 589 364 .
610 322 752 378 prima
782 323 910 372 nocte

223 395 501 451 Principibus
535 429 543 437 .
577 393 743 445 achiuis
774 426 783 435 .
812 391 1083 448 principibus

283 468 425 524 grecis

224 540 441 582 Priameia
483 539 611 594 uirgo
642 571 650 580 .
678 537 837 593 priami
881 537 973 578 filia
1017 550 1081 578 ca-

285 612 442 654 sandra

190 695 205 720 5
224 684 397 728 Priame
425 683 538 726 sedis
564 683 708 725 reuiso
731 717 737 724 .
759 682 936 724 domum
968 679 1083 736 regis

284 758 434 811 repeto

224 826 403 870 Priuata
458 827 660 870 dicuntur
693 861 700 868 .
735 841 816 881 que
874 825 942 867 ffii
1000 824 1082 866 iuri

285 901 387 941 sunt

223 971 395 1014 Probus
419 1005 426 1012 .
447 971 589 1013 iustus
623 970 815 1013 obtimus

226 1043 459 1086 Problema
481 1077 489 1084 .
509 1042 721 1097 parabula

224 1115 393 1158 Probra
413 1150 420 1157 .
443 1115 640 1158 conuicia

172 1199 206 1224 10
224 1187 475 1230 Probabilis
496 1220 506 1230 .
527 1187 679 1229 doctus

225 1259 395 1302 Probus
417 1293 425 1302 .
445 1261 586 1302 bonus

225 1331 503 1374 Problemate
526 1365 534 1373 .
557 1330 807 1386 questiones

226 1403 384 1446 Procul
405 1439 413 1446 .
433 1418 513 1446 nec
545 1403 675 1459 longe
697 1437 704 1444 .
726 1417 805 1445 nec
838 1417 972 1457 prope

226 1474 434 1518 Proceres
474 1507 483 1516 .
523 1474 629 1516 dicti
673 1488 875 1529 proceres
916 1508 923 1514 .

285 1547 493 1603 procedes
509 1581 518 1589 .
535 1547 649 1602 quod
677 1549 777 1588 ante
805 1547 900 1588 offis
924 1546 1088 1587 honore

285 1619 576 1675 precesserint

174 1702 206 1728 15
227 1692 434 1734 Proceres
454 1724 464 1733 .
485 1691 704 1747 principes

227 1763 476 1807 Procaciter
496 1798 504 1805 .
524 1763 838 1818 intemptanter

229 1835 427 1878 Procella
447 1868 456 1877 .
476 1834 628 1890 plubia
661 1850 759 1876 cum
792 1835 1052 1889 tempestate

229 1906 510 1950 Procinctum
538 1941 546 1948 .
573 1906 880 1961 adpsssaratum

228 1978 479 2022 Procacitas
500 2013 507 2020 .
529 1978 789 2033 inpudicitia

175 2062 209 2087 20
228 2050 386 2093 Procul
419 2065 443 2092 ο
475 2051 628 2105 procul
650 2084 659 2094 .
679 2051 810 2106 longe
842 2049 1018 2105 longius

964 1473 1087 1529 quasi

89 2132 218 2167 fol.14v
231 2122 510 2165 Procinctum
542 2123 647 2165 belli
668 2157 675 2164 .
698 2123 897 2164 abtatum
926 2135 1071 2177 pugne

229 2194 387 2236 Procul
420 2195 553 2237 dubio
574 2228 583 2237 .
604 2195 696 2236 sine
730 2194 861 2235 dubio

230 2266 440 2309 Procellis
462 2267 685 2322 ,impetus
711 2265 834 2308 uenti
861 2268 905 2307 et
930 2265 1089 2307 fluctus

230 2338 482 2381 Procacitas
504 2371 513 2381 .
533 2338 821 2381 inuerecunde
854 2351 1038 2392 poscens

178 2419 212 2446 25
231 2409 488 2452 Procinctus
503 2443 511 2453 .
527 2410 754 2465 expeditus
771 2444 778 2451 .
794 2409 906 2451 unde
926 2408 971 2449 in
995 2423 1091 2463 pro-

291 2482 433 2525 cincto
456 2516 464 2524 .
486 2482 529 2523 id
556 2497 655 2524 cum
681 2481 786 2529 belli
813 2495 943 2523 causa
970 2494 1091 2521 arma

292 2554 570 2596 summebant

230 2624 417 2667 Prodest
436 2659 444 2667 .
464 2625 598 2680 prode
631 2627 698 2666 est

232 2696 489 2739 Prodiamus
510 2730 518 2738 .
541 2711 718 2738 examus

232 2766 638 2824 Producssssantuff)
660 2801 669 2810 .
690 2783 740 2810 ea
780 2767 894 2810 enim
935 2768 1090 2823 produ-

292 2841 450 2880 cuntur
495 2854 577 2893 que
623 2842 800 2882 seruant
843 2840 1088 2894 productio-

291 2925 391 2952 nem
410 2910 455 2952 in
476 2910 656 2971 gentibo
678 2943 687 2953 .
706 2914 757 2952 ut
781 2911 837 2953 lis
847 2908 882 2968 2)
909 2911 1001 2953 litis
1023 2911 1088 2953 dis

293 2981 395 3023 ditis
418 3014 426 3022 .
447 2981 532 3037 glis
564 2981 688 3037 gliris

1893 135 1972 176 137

1121 244 1450 304 Prodigium3).
1478 249 1528 289 ut
1564 260 1692 288 uarro
1726 247 1811 300 ayt.
1844 260 1976 286 unum

1183 320 1233 361 de
1259 319 1448 374 quinque
1481 318 1611 361 rebus
1644 320 1712 360 est
1732 351 1740 359 .
1763 331 1843 372 que
1877 319 1978 358 sunt

1183 394 1405 433 ostentum
1421 425 1428 432 .
1440 392 1694 446 portentum
1706 423 1714 430 .
1729 387 1977 444 prodigium

1183 463 1395 505 iraculum
1427 461 1656 504 martirum

1124 534 1334 576 Prodolor
1356 567 1364 576 .
1386 549 1410 576 o
1444 534 1568 576 dolor

1122 606 1326 648 Proditor
1353 639 1361 648 .
1387 621 1467 661 pro
1513 621 1563 648 eo
1611 605 1727 661 quod
1778 603 1978 660 detegit.

1182 679 1289 720 item
1320 677 1545 733 proditor.
1566 677 1765 732 proditor
1792 679 1840 718 ut
1869 690 1980 717 unus

2000 543 2034 569 30

1184 751 1239 793 ob
1272 750 1383 792 iram
1414 749 1638 804 prodimus

1124 823 1368 866 Productus
1388 855 1397 864 .
1425 821 1550 876 quasi
1583 835 1714 876 porro
1748 820 1902 862 ductus

1123 895 1325 938 Proimus
1347 928 1354 937 .
1376 893 1514 936 initiis
1541 893 1787 934 litterarum
1804 925 1811 933 .
1827 891 1870 933 id
1890 906 1982 933 uer-

1185 966 1311 1010 siculi

1125 1039 1395 1082 Profundum
1416 1071 1423 1078 .
1444 1036 1514 1079 uel
1542 1050 1715 1078 sursum
1736 1070 1743 1077 .
1765 1036 1835 1077 uel
1862 1036 1981 1077 deor-

1186 1126 1281 1153 sum
1315 1110 1474 1152 dicitur
1511 1111 1561 1151 ut
1594 1109 1734 1151 celum
1768 1123 1850 1163 que
1888 1123 1982 1163 pro-

1184 1183 1367 1225 fundum

1126 1255 1331 1298 Profatur
1353 1288 1360 1295 .
1380 1254 1576 1310 loquitur

1129 1327 1335 1370 Profanat
1356 1361 1363 1369 .
1384 1326 1524 1368 uiolat

1127 1400 1345 1456 Profugus
1369 1433 1377 1441 .
1397 1400 1526 1455 longe
1560 1398 1739 1453 fugatus

1126 1473 1354 1515 Profectus
1388 1474 1455 1515 est
1477 1505 1484 1513 .
1506 1469 1753 1512 ambulabit

1127 1544 1355 1587 Profectus
1389 1546 1504 1586 etate
1527 1577 1534 1586 .
1556 1542 1701 1585 senior

1126 1616 1366 1673 Profligare
1389 1649 1398 1658 .
1418 1614 1645 1670 prouidere

1127 1689 1343 1732 Profanus
1365 1722 1372 1730 .
1392 1687 1588 1743 pollutus

1127 1761 1321 1817 Profuga
1339 1793 1348 1802 .
1368 1759 1558 1815 fugitiua

2005 1263 2040 1288 35

2007 1625 2042 1650 40

1128 1832 1416 1889 Progenitore
1440 1866 1446 1873 .
1467 1830 1648 1886 pro-auia

1128 1905 1379 1961 Prognonte
1402 1937 1410 1945 .
1437 1902 1582 1959 genite

1127 1977 1314 2019 Proinde
1336 2011 1342 2018 .
1365 1976 1513 2030 itaque

1126 2048 1285 2091 Proibe
1307 2082 1315 2090 .
1336 2048 1511 2090 remobe
1533 2080 1541 2089 .
1562 2047 1631 2088 uel
1665 2049 1765 2088 ueta

1129 2121 1272 2164 Prolis
1294 2155 1301 2163 .
1322 2120 1438 2162 filius

1128 2192 1344 2248 Prologus
1364 2226 1371 2233 .
1392 2191 1613 2248 sequentis
1635 2190 1779 2246 operis
1800 2189 1987 2245 prefatio

1129 2264 1305 2306 Prolata
1327 2298 1333 2305 .
1356 2264 1516 2305 donata

1128 2336 1304 2378 Prolixa
1325 2368 1333 2378 .
1354 2336 1486 2390 longa
2009 2346 2043 2369 50

1130 2408 1334 2451 Prolatus
1357 2442 1364 2449 .
1384 2407 1429 2449 in
1462 2407 1604 2449 medio
1638 2406 1850 2448 adductus

1131 2480 1335 2523 Prolibor
1356 2515 1363 2522 .
1383 2478 1589 2521 immolor

1129 2552 1361 2607 Promtum
1382 2587 1389 2594 .
1409 2551 1536 2594 facile
1568 2550 1850 2593 manifestum

1130 2624 1398 2667 Promeritus
1420 2656 1429 2666 .
1451 2626 1557 2678 aput
1590 2623 1793 2677 antiquos
1821 2622 1987 2663 diceba=

1189 2699 1289 2738 tur.
1312 2695 1518 2750 quicquid
1546 2694 1652 2736 bene
1686 2693 1862 2736 fecisset
1892 2708 1987 2748 pro-

1188 2767 1343 2809 merita
1374 2766 1590 2821 profuisse
1623 2764 1870 2820 prestitisse

1128 2838 1383 2880 Promurale
1405 2872 1412 2880 .
1433 2852 1582 2880 murus
1617 2840 1716 2879 ante
1749 2851 1905 2878 murm:

1127 2909 1414 2964 Promulgata
1435 2942 1444 2951 .
1466 2909 1694 2963 depromta

1127 2981 1412 3036 Promulgata
1434 3014 1442 3022 .
1462 2982 1706 3036 propagata
1735 2979 1957 3035 patefacta

2008 1984 2042 2009 45

2005 2846 2039 2872 55

332 3135 364 3179 1)
391 3137 488 3171 1-2
517 3134 656 3170 litterae
681 3146 804 3172 erasae
829 3138 841 3180 ss
869 3138 905 3181 2)
932 3135 980 3170 lis
1005 3147 1083 3182 sup.
1112 3146 1178 3171 scr.
1205 3145 1251 3170 m.
1267 3137 1292 3171 2
1319 3134 1330 3179 [Ι
1356 3134 1391 3179 3)
1417 3132 1457 3179 gi
1481 3145 1507 3169 s.
1534 3145 1601 3169 scr.
1622 3135 1634 3179 n
