2221 3490
199 140 285 182 604

196 250 405 293 Miniculo
440 250 600 293 auxilio

195 321 381 364 Minicus
416 321 567 364 eritius

195 394 404 436 Missilius
440 394 513 448 qui
546 393 730 435 missilia
763 393 939 435 exhibet

195 465 361 506 Maenit
395 467 527 507 struit
560 465 759 508 aedificat

158 537 459 594 §Monotonus
494 537 658 592 rigidus

193 608 449 650 Manubiare
482 608 667 664 uigilare
700 611 955 664 pernoctare

193 679 511 721 Mansionarius
546 680 751 722 ostiarius

193 751 433 793 Manucalis
467 754 617 806 sporta

191 823 360 865 Momar
412 824 573 866 siculus
626 824 788 865 stultus
838 824 911 879 qui
964 823 1051 865 cito

250 898 452 937 mouetur
497 896 549 937 ad
595 895 718 937 iram.
763 894 902 936 Plaut.
949 895 1051 950 quid

250 970 298 1009 tu
332 983 355 1009 o
390 982 558 1009 momar
591 966 724 1008 sicule
765 967 896 1009 homo
930 982 1050 1022 prae-

250 1040 384 1081 sumis

137 1122 170 1147 10
190 1110 474 1153 Morificando
509 1126 675 1152 moram
708 1110 905 1152 faciendo

188 1182 321 1224 Muna
344 1197 521 1224 munera
537 1198 644 1238 quae
661 1182 874 1224 militibus
891 1183 1049 1224 dantur

187 1254 338 1296 Munia
377 1255 521 1296 officia
558 1254 810 1296 faluationis
850 1254 919 1296 uel
959 1269 1048 1296 mu-

248 1341 352 1368 nera
1022 1331 1024 1334 ’

187 1397 357 1440 Murrat
389 1401 633 1440 murmurat

187 1470 385 1526 Murgiso
420 1470 601 1512 callidus
636 1474 931 1513 murmurator

133 1553 165 1578 15
186 1541 475 1584 Murcinarius
509 1542 689 1584 mutilus

186 1613 413 1656 Muscarde
447 1616 548 1656 sunt
581 1614 879 1656 cusmorinum

185 1685 352 1727 Musiae
385 1686 476 1727 nidi
509 1686 717 1728 isuricum

184 1756 471 1800 Manticulare
511 1757 710 1800 fraudare
743 1758 813 1799 uel
847 1758 1042 1814 decipere

183 1828 392 1871 Manubla
424 1829 600 1872 iteratio
634 1829 855 1873 doctrinae

132 1911 165 1936 20
185 1900 412 1943 Meritoria
444 1902 540 1944 loca
571 1902 952 1945 tabernaculorum

184 1972 421 2016 Metatores
478 1975 754 2017 mansionum
810 1989 1042 2030 praepara-

244 2048 361 2087 tores

183 2116 370 2159 Metreta
402 2117 570 2159 amfora
602 2118 781 2159 dimidia

183 2188 325 2245 Mergi
359 2189 478 2231 corui
512 2190 668 2231 marini
700 2189 839 2232 fustes
874 2205 1016 2233 serrae

183 2260 423 2302 Munitoria
454 2261 767 2316 praetinctoria

129 2342 163 2367 25
184 2331 438 2387 Muginatur
471 2335 673 2375 causatur

183 2402 356 2445 Millum
389 2404 547 2445 collare
581 2404 699 2446 canis

183 2474 415 2516 Mannulus
449 2476 642 2517 caballus
676 2475 851 2518 buricus

182 2544 455 2601 Manipulum
501 2546 575 2600 qui
620 2546 830 2588 auxilium
875 2548 950 2590 dat
996 2549 1040 2590 in

242 2617 357 2659 bello

181 2687 395 2730 Masortia
427 2690 696 2744 marsupium

128 2772 162 2797 30
182 2759 392 2802 Mafortes
410 2761 727 2816 operimentum
745 2763 935 2818 capitum
951 2780 1039 2806 mu-

240 2831 395 2872 lierum

181 2901 413 2944 Malarium
445 2904 691 2959 pomarium

182 2972 544 3017 Munuscularius.
555 2976 728 3030 August.
737 2978 784 3019 de
793 2978 909 3020 Cicit.
922 2978 1038 3027 De2'77

184 3044 366 3086 Murrire
400 3047 584 3089 clamare
615 3049 790 3104 proprie
823 3049 1012 3092 murium

181 3115 361 3158 Meatim
394 3132 488 3159 meo
521 3134 639 3161 more

830 140 1044 177 GLOSSAE
1072 140 1324 177 SOAJAGERI

1091 250 1281 293 Munifer
1315 252 1388 307 qui
1422 266 1603 294 munera
1633 253 1720 295 fert
1968 268 2002 294 35

1093 322 1251 365 Manda
1284 324 1480 378 deceptio
1515 324 1634 366 fraus

1091 393 1332 436 Mercurius
1382 394 1577 450 lapidum
1630 396 1853 452 congeries
1904 397 1949 439 in

1151 467 1372 508 cacumine
1406 467 1583 509 collium

1091 537 1393 593 Monopolium
1439 539 1572 582 statio
1618 538 1693 581 ubi
1745 555 1830 582 una
1880 555 1948 583 res

1150 610 1354 651 uenditur

1090 681 1369 724 Mulsitanter
1401 682 1558 724 leniter

1090 753 1228 796 Malce
1272 753 1431 809 popino
1475 755 1547 809 qui
1587 758 1704 797 amat
1745 756 1790 798 in
1828 757 2002 812 popi-40

1149 841 1227 868 nas
1261 826 1322 868 ire

1088 897 1256 939 Matum
1290 901 1357 940 est
1395 899 1645 940 humectum
1686 902 1752 941 est
1784 900 1947 943 emolli-

1148 973 1243 1011 tum
1276 970 1485 1012 infectum

1087 1040 1300 1097 Magister
1331 1042 1422 1083 ludi
1456 1041 1622 1084 calculo

1085 1113 1391 1167 Matapontum
1423 1113 1645 1155 metabula
1678 1115 1831 1157 matris

1086 1184 1258 1226 Maialis
1292 1200 1450 1240 porcus
1484 1185 1659 1241 pinguis
1694 1188 1809 1241 quod
1842 1188 1944 1230 deae

1147 1257 1284 1298 maiae
1311 1256 1640 1299 sacrificabatur
1661 1258 1785 1312 quasi
1811 1260 1944 1302 matri

1146 1329 1349 1371 mercurii

1085 1400 1258 1442 Manius
1293 1402 1477 1443 burceus

1085 1472 1254 1514 Macere
1282 1473 1402 1514 fallio
1430 1473 1551 1515 locus
1577 1474 1944 1517 circumueniendi

1084 1544 1268 1586 Mandus
1302 1545 1438 1587 uestis
1473 1545 1701 1602 uirginalis

1084 1616 1253 1658 Maniae
1287 1617 1569 1659 formidinum
1601 1617 1813 1674 imagines

1081 1687 1325 1743 Mempanis
1359 1689 1610 1744 torporibus

1081 1759 1366 1802 Mediastinus
1399 1761 1446 1802 in
1471 1761 1613 1804 media
1641 1763 1841 1805 auctione
1867 1779 1941 1819 po·
1960 1775 1995 1801 50

1142 1832 1253 1874 situs

1081 1904 1283 1946 Mosillus
1316 1920 1477 1960 paruus
1510 1921 1604 1948 mos

1082 1976 1310 2032 Mei-gorae
1351 1977 1508 2019 situlae
1541 1977 1699 2033 quibus
1738 1993 1850 2034 aqua
1888 1980 1939 2022 de

1139 2051 1271 2103 puteo
1304 2048 1497 2090 trahitur

1080 2116 1380 2162 Mercedonius
1415 2121 1487 2176 qui
1527 2121 1660 2168 soluit
1698 2124 1938 2165 mercedem

1079 2191 1270 2233 Mutelus
1304 2195 1405 2246 post
1437 2193 1572 2234 ruffus
1606 2196 1706 2235 ante
1739 2194 1919 2237 rubrum

1079 2263 1321 2318 Metaplum

1080 2335 1302 2376 Musculus
1334 2350 1470 2390 parua
1501 2336 1625 2378 nauis

1079 2406 1353 2448 Metabulum
1384 2422 1594 2462 prospera
1625 2409 1852 2464 nauigatio

1079 2478 1366 2521 Mediastinus
1398 2480 1626 2522 balneator

1078 2549 1320 2592 Minnarius
1354 2551 1492 2592 morio
1526 2552 1689 2594 stultus
1723 2553 1862 2595 malus

1077 2620 1286 2663 Miriones
1318 2622 1607 2664 fantasiarum
1634 2623 1829 2665 inanium
1860 2640 1934 2666 nu-
1954 2635 1989 2660 60

1963 1415 1998 1441 45

1954 2276 1989 2302 55

1138 2696 1403 2735 meratorum

1077 2765 1406 2807 Monaeosmum
1421 2766 1535 2821 quod
1557 2767 1611 2807 ab
1632 2782 1718 2809 uno
1739 2767 1933 2810 iumento

1137 2836 1309 2879 ducitur
1342 2851 1478 2893 genus
1510 2837 1700 2880 uehiculi

1077 2908 1228 2950 Musea
1259 2909 1349 2950 nidi
1382 2909 1572 2951 soricum

1074 2979 1270 3022 Mulosus
1305 2980 1526 3023 cauiculus
1560 2981 1750 3024 rusticus

1074 3051 1224 3093 Mundi
1258 3053 1338 3094 alis
1370 3052 1501 3094 homo
1535 3053 1684 3095 mundi
1717 3057 1835 3096 statu

1074 3122 1299 3165 Musarum
1333 3125 1621 3166 diuinantium
1950 3137 1983 3162 65
