2216 3402
115 2104 147 2129 10

699 117 932 153 PLACIDVS
959 118 1087 153 LIBRI
1115 118 1405 154 GLOSSARVM

234 228 345 270 unde
396 227 585 284 fugitiua
629 227 746 269 dicta
797 229 898 270 sunt
948 242 1031 283 que

233 299 387 341 furtim
433 300 529 354 quis
580 314 629 342 ac
671 314 760 342 non
811 314 888 341 suo
938 298 1030 341 iure

233 370 471 426 uteretur¹)
962 418 965 419 ⁷

171 441 336 484 Fruitis
369 457 446 484 uas
486 443 712 498 aquarium
748 458 826 497 pro
859 442 1028 497 1101010-

231 513 353 555 ribus
387 512 454 570 (de
481 512 555 571 psl.)

172 584 313 641 Fulsit
338 584 458 626 feriit
478 584 546 626 uel
573 584 839 639 percusserit
861 584 1029 641 fulgere

231 656 347 697 enim
397 655 527 698 ferire
578 657 644 697 081
695 657 806 698 00(10
858 671 1028 712 quoque

231 727 396 769 fulmen
427 726 593 768 dictum
626 730 693 768 est
727 726 793 781 (de
819 727 896 786 ql.)

170 798 318 841 Funus
345 801 388 840 et
419 798 550 841 ferias
579 799 861 854 prouerbium
888 804 1029 842 morte

230 870 335 912 dicit
386 870 592 925 quoniam
645 870 795 914 funere
852 872 1028 927 publico

229 942 334 984 ferie
369 942 567 985 dicantur
600 939 743 999 (Isis-Z.)

169 1014 413 1056 Furuarum
456 1015 684 1057 nationum
729 1015 928 1071 gentium
968 1015 1030 1056 111-

230 1101 406 1142 grarum
432 1086 476 1128 id
503 1089 569 1128 081
595 1087 685 1128 indi
706 1086 860 1142 egiptii
888 1088 1027 1128 mauri

229 1158 394 1212 etiopes
415 1157 590 1200 furuum
612 1158 726 1200 enim
744 1173 825 1200 nos
851 1158 1027 1215 nigrum

229 1229 411 1272 dicimus
450 1230 563 1272 unde
600 1229 718 1272 fures
759 1230 833 1285 qui
870 1230 917 1272 in
956 1231 1027 1273 ob-

228 1316 354 1344 scuro
375 1302 513 1344 latent
531 1305 574 1344 et
594 1300 753 1359 1011112)
774 1302 890 1344 furui
913 1302 1026 1344 enim

228 1373 344 1430 nigri
378 1372 500 1430 (Cic.)

168 1445 304 1488 Furni
336 1445 528 1487 furorem
560 1461 714 1500 passus
749 1461 845 1488 sum
878 1444 1001 1503 (Cice.)

167 1517 328 1560 Futare
360 1516 479 1559 fuere
513 1516 635 1573 (0250.)

167 1589 351 1632 Futabit
382 1589 466 1631 soit
498 1586 621 1645 (Cic.)

168 1661 349 1704 Futtilis
365 1677 442 1703 uas
459 1676 669 1716 aquarum
690 1662 894 1717 perparui
915 1663 1026 1704 soris

229 1732 346 1790 (Cic.)

169 1805 336 1847 Futura
373 1805 646 1847 alucinentur
679 1805 803 1860 quasi
841 1805 1028 1847 luxorio—

229 1891 300 1918 808
321 1891 462 1918 sermo
485 1876 626 1918 inccta
651 1876 876 1932 predicant
903 1876 1026 1932 (Cio.)

169 2090 377 2136 Galerum
403 2091 594 2147 palleum
620 2092 840 2147 pastorale
868 2091 935 2148 (de
950 2090 1024 2148 yl.)

169 2162 450 2206 Gallicinium
506 2162 671 2205 dictum
722 2167 789 2205 est
846 2167 1026 2219 propter

227 2235 367 2291 gallos
388 2234 497 2276 lucis
519 2234 774 2290 prenuntios
790 2234 1025 2293 (Ambrosi)

1872 121 1922 162 71

1070 227 1288 271 Gallicula
1349 227 1634 271 calciamenta

1129 304 1230 342 8001

1070 369 1222 413 Gallus
1255 372 1401 427 pullus
1435 371 1692 427 gallinacius

1070 442 1299 499 Gargar-on
1332 443 1700 485 abemerodictum
1733 441 1799 500 (cle
1827 443 1900 500 μί.)

1070 513 1246 556 Garrire
1280 518 1354 556 aut
1394 514 1533 556 multa
1564 515 1699 556 uerba
1731 517 1806 557 aut
1839 530 1927 557 sor-

1128 585 1224 627 dide
1257 585 1378 640 loqui

1070 656 1183 699 Gaze
1217 657 1420 699 dicuntur
1458 658 1609 699 diuitie
1651 658 1802 714 lingua
1834 674 1926 714 per-

1129 744 1275 770 sarum
1308 744 1332 770 a
1365 743 1471 784 gaza
1505 729 1662 784 oppido
1697 744 1925 786 grecorum

1125 800 1171 841 in
1192 815 1240 842 co
1263 800 1367 841 olim
1393 815 1619 855 persarum
1647 816 1720 843 rex
1747 801 1924 844 diuitias

1128 874 1408 927 congesserat
1439 872 1666 914 uniuersas

1702 233 1926 285 pastorum

1068 943 1211 986 Genas
1251 959 1300 985 ea
1343 958 1444 999 pars
1490 944 1637 985 uultus
1684 959 1766 1000 que
1812 945 1926 987 111101

1130 1015 1243 1057 mala
1275 1018 1341 1057 set
1373 1015 1589 1058 auriculas
1623 1019 1690 1058 est
1717 1020 1759 1058 et
1788 1017 1924 1058 dictas

1126 1102 1259 1143 genas
1293 1102 1342 1129 eo
1382 1088 1496 1143 quod
1536 1087 1678 1129 infans
1717 1088 1759 1129 in
1801 1075 1923 1130 01010

1127 1162 1258 1214 caput
1310 1159 1559 1201 inclitatum
1615 1159 1729 1200 inter
1785 1174 1925 1215 genua

1126 1234 1247 1274 tenet
1279 1229 1422 1287 (Isia.)

1068 1303 1269 1346 Genisset
1296 1318 1351 1348 ea
1375 1305 1499 1358 parte
1526 1303 1674 1345 uultus
1702 1318 1784 1358 que
1810 1303 1925 1345 inter

1125 1376 1262 1417 malas
1291 1378 1334 1417 01
1362 1374 1577 1417 auriculas
1599 1378 1665 1416 081
1692 1375 1787 1417 ideo
1815 1390 1923 1431 gene

1125 1447 1238 1489 dicte
1278 1461 1328 1488 eo
1367 1447 1482 1501 quod
1527 1446 1669 1488 infans
1715 1446 1759 1488 in
1798 1450 1923 1488 utero

1125 1521 1256 1574 caput
1307 1518 1563 1560 inclinatum
1613 1519 1727 1560 111101·
1784 1533 1925 1574 genua

1125 1592 1273 1632 teneat

1068 1661 1366 1704 Genuinorum
1406 1662 1712 1704 denuntiorum
1750 1663 1922 1718 proprie

1125 1734 1195 1775 uel
1228 1732 1437 1775 timorum
1469 1732 1534 1789 (de
1561 1733 1635 1789 (sl.)

1067 1805 1224 1847 Gerras
1256 1819 1395 1860 nugas
1427 1805 1683 1861 neptiasque

1067 1876 1203 1918 Gerro
1235 1879 1425 1932 nugator
1458 1877 1597 1919 dictus
1631 1893 1656 1919 a
1688 1879 1826 1934 gerris

1064 1947 1297 1990 Gestarum
1342 1962 1428 1989 non
1473 1963 1631 1990 nomen
1674 1951 1810 2005 gestis
1857 1954 1923 1992 est

1125 2023 1191 2062 set
1217 2020 1614 2063 mercennariorum
1641 2023 1857 2078 gallarum
1886 2024 1922 2065 si

1124 2091 1298 2146 quidem
1332 2091 1437 2133 alibi
1463 2092 1549 2148 legi
1575 2109 1664 2135 non
1697 2097 1920 2150 gestarum

1124 2166 1190 2206 set
1223 2178 1449 2220 gessarum
1483 2164 1695 2219 scriptum

1066 2235 1397 2278 Gestatiuncula
1428 2251 1496 2278 res
1529 2237 1698 2279 minuta

1950 457 1981 481 15

1944 1675 1978 1700 20

168 2307 383 2350 Gallicola
433 2306 593 2349 cortice
638 2307 760 2349 nucis
807 2308 1024 2364 iuglandis
1065 2307 1217 2351 Gestio
1281 2308 1342 2350 sic
1405 2307 1647 2351 declinatur
1704 2310 1919 2365 quomodo
1943 2324 1974 2346 2

226 2378 379 2421 uiridis
412 2393 488 2433 per
521 2393 648 2434 quem
683 2393 838 2434 corpus
877 2379 1023 2422 huma-

225 2465 330 2492 num
360 2449 557 2504 intellegi
589 2450 685 2492 uult

263 2605 298 2650 1)
323 2614 362 2639 re
383 2615 454 2650 pro
479 2615 498 2638 r
523 2615 614 2640 corr.
641 2616 686 2640 m.
704 2608 723 2639 1
755 2605 767 2650 ΙΙ
799 2606 835 2649 2)
861 2616 882 2640 o
908 2616 952 2641 ex
976 2617 1000 2640 u
1031 2606 1043 2651 ΙΙ

1122 2380 1258 2422 audeo
1281 2380 1420 2421 amico
1444 2381 1701 2422 amiciebam
1722 2384 1789 2423 081
1806 2382 1920 2423 enim

1123 2451 1318 2508 gestione
1351 2452 1490 2494 utrale
1523 2453 1705 2494 uerbum

165 2749 332 2782 uteretur
368 2748 380 2792 ΙΙ
419 2751 449 2782 1.
476 2758 543 2792 per
579 2749 591 2793 ΙΙ
629 2752 660 2783 3.
689 2747 912 2783 dicebantur
942 2750 953 2793 ΙΙ
986 2753 1016 2784 4.
1046 2748 1214 2795 aegyptii
1247 2751 1257 2794 ΙΙ
1298 2752 1327 2784 7.
1359 2748 1515 2784 Futauit
1541 2761 1584 2784 ea·
1611 2748 1767 2783 Futabit
1792 2760 1882 2784 corr.
1910 2750 1920 2790 1Ι

166 2812 198 2842 9.
225 2806 437 2842 luxuriosus
460 2807 464 2852 Ι
487 2806 631 2842 11100110
656 2809 667 2853 ΙΙ
702 2812 754 2843 10.
782 2808 974 2853 pastorale
1001 2821 1017 2844 s
1043 2812 1054 2853 ΙΙ
1087 2811 1142 2844 11.
1171 2809 1228 2843 081
1254 2819 1320 2843 om.
1347 2810 1358 2854 ΙΙ
1394 2813 1447 2844 12.
1475 2807 1664 2844 Gallicula
1687 2813 1689 2848 Ι
1719 2807 1882 2853 intelligi
1912 2808 1916 2855 Ι

166 2866 250 2901 uult
275 2867 291 2900 t
323 2868 334 2911 ΙΙ
369 2870 423 2902 13.
452 2867 538 2902 sunt
564 2878 579 2901 8
612 2868 623 2912 ΙΙ
656 2872 710 2903 14.
739 2867 961 2913 gallinatius
992 2870 1004 2915 ΙΙ
1038 2873 1092 2904 17.
1121 2868 1283 2903 (11010100
1316 2871 1319 2912 Ι
1349 2880 1421 2912 quo
1446 2868 1450 2914 Ι
1480 2867 1639 2902 (11010108
1671 2869 1682 2912 ΙΙ
1716 2871 1769 2903 18.
1797 2868 1918 2903 malas

168 2927 206 2961 et
239 2927 243 2971 Ι
279 2937 321 2960 eo
348 2938 392 2961 m,
410 2930 442 2969 1,
467 2927 528 2962 sed
553 2938 656 2971 eras,
684 2938 726 2962 οο
755 2939 780 2963 s.
808 2940 876 2963 scr.
903 2933 985 2964 m.4
1009 2931 1013 2974 Ι
1035 2928 1170 2973 ,0οΡοἀ
1206 2930 1211 2972 Ι
1246 2926 1469 2962 inclinatum
1507 2928 1518 2972 ΙΙ
1557 2931 1611 2961 19.
1646 2926 1799 2962 Geniset
1824 2940 1867 2962 m.
1885 2932 1916 2972 1,

168 2986 268 3020 Gene
296 2985 383 3019 sunt
407 2997 451 3020 m.
468 2989 491 3019 6
519 2989 522 3030 Ι
553 2987 612 3032 ea]
641 2998 685 3022 ex
708 2990 711 3031 Ι
740 2987 862 3022 malus
888 3000 931 3023 m.
951 2992 982 3033 1,
1009 2987 1130 3022 malas
1156 2999 1199 3022 m.
1218 2991 1240 3022 6
1262 2988 1266 3031 Ι
1296 2987 1417 3032 capud
1449 2987 1460 3031 ΙΙ
1493 2990 1546 3021 20.
1576 2986 1882 3022 denuntiatorum
1911 2987 1915 3033 Ι

167 3045 221 3089 1111
240 3047 252 3090 ΙΙ
272 3047 328 3090 21.
355 3044 594 3090 ineptiasque
613 3057 657 3081 eae
676 3044 899 3091 neptiasque
925 3058 1015 3082 corr.
1038 3050 1048 3092 ΙΙ
1069 3050 1124 3082 22.
1153 3045 1247 3081 Gero
1267 3046 1279 3091 ΙΙ
1298 3049 1354 3081 23.
1383 3046 1439 3080 set
1463 3056 1659 3090 gessurum
1678 3047 1689 3089 ΙΙ
1709 3048 1764 3081 25.
1793 3046 1915 3090 gestio

166 3104 336 3139 neutrale
362 3116 406 3140 ex
431 3103 602 3149 gestione
627 3104 749 3140 utrale
776 3118 866 3142 corr.
892 3109 896 3152 Ι
928 3106 974 3141 (10
1000 3106 1049 3151 gl.
1076 3107 1153 3142 cod.
