2221 3490
761 162 1004 199 SPEGIMEN
1031 162 1216 200 CODICIS
1243 163 1496 200 LEIDENSIS

249 271 384 315 Gesta
416 272 698 328 municipalia
730 274 801 315 uel
832 273 1009 329 publica

247 344 437 386 Inoleuit
469 345 656 387 increuit
688 345 952 388 informatur

246 415 496 459 Immolatio
530 418 740 460 mactatio

245 488 496 544 Inprobitas
529 490 775 544 procacitas

211 560 408 603 5Idonea
441 564 542 616 apta
575 561 697 603 utilis
731 562 890 603 habilis

102 632 452 678 f01.20u1nhibe1·e
485 632 669 674 detineri
702 648 872 675 morare

247 704 424 760 Insigne
456 705 604 746 nobile
638 705 752 747 clare

245 776 296 817 ln
334 776 505 831 pulpito
544 777 590 818 in
628 777 766 832 gradu
805 776 880 818 ubi
918 776 1105 818 lectores

305 847 459 904 legunt

246 918 456 961 Intimare
489 934 724 976 suggerere

193 1001 227 1027 10
246 990 443 1034 Insolens
488 992 751 1048 inportunus
797 991 999 1048 inpotens
1045 993 1106 1035 in-

305 1065 575 1107 tollerandus

245 1137 506 1178 Liberalitas
535 1137 713 1179 donatio
737 1152 819 1193 que
847 1153 872 1179 a
892 1137 1027 1179 diuite
1054 1137 1105 1179 fit

244 1208 543 1251 Lasciuientes
578 1209 796 1251 feruentes

245 1281 572 1337 Manicipantur
605 1297 735 1323 manu
769 1281 998 1336 capiantur

245 1353 444 1395 Modeste
478 1354 698 1395 moderate
731 1354 801 1395 uel
834 1356 950 1395 recte

191 1433 226 1459 15
246 1425 559 1468 Machoinenus

245 1497 408 1540 Mensis
441 1498 603 1553 yperbe
640 1496 817 1539 retheus

244 1570 392 1613 Massa
424 1569 662 1612 diocesium

244 1641 442 1684 Matricis

244 1713 532 1756 Manumissio
579 1729 630 1756 eo
676 1715 790 1770 quod
836 1730 966 1756 manu
1009 1715 1107 1756 mit-

305 1783 503 1828 terentur

191 1867 225 1892 20
246 1857 440 1915 Negotia
460 1858 755 1901 ecclesiastica
777 1862 922 1902 actum
943 1859 1004 1901 rei
1033 1860 1107 1901 ali-

307 1931 429 1973 cuius

246 2001 431 2045 Nauiter
462 2003 588 2046 ualde

246 2074 442 2116 Obtentu

247 2146 489 2189 Omousion
527 2162 681 2204 graece
721 2149 856 2191 latine
889 2164 976 2191 una
1010 2149 1106 2191 sub-

305 2220 471 2262 stantia
500 2221 640 2276 patris
673 2223 717 2262 et
748 2221 830 2262 filii

246 2291 448 2334 Orarium
480 2307 685 2348 mappam
718 2293 787 2334 uel
820 2293 1059 2336 linteamen

192 2370 226 2396 25
246 2362 434 2420 Operam
479 2365 579 2406 dare
625 2365 812 2422 benigne
856 2366 997 2409 facere
1035 2367 1105 2408 uel

306 2435 537 2477 conciliare

245 2507 484 2550 Parrochia

244 2579 488 2622 Peruadere
527 2581 714 2623 alienam
746 2597 839 2624 rem
875 2582 1106 2625 manifeste

305 2668 581 2708 praesumere

246 2723 584 2767 Proscribantur
605 2740 735 2781 porro
754 2727 824 2768 uel
844 2727 989 2782 palam
1006 2727 1106 2769 scri-

306 2797 467 2839 bantur

245 2868 430 2911 Prorsus
463 2870 592 2925 plane
624 2870 776 2924 procul
809 2870 942 2912 dubio
974 2886 1076 2913 uere

193 2949 228 2974 30
247 2940 401 2983 Presul
433 2941 561 2983 iudex
587 2942 657 2983 uel
690 2942 914 2996 presidens
940 2943 1009 2985 uel
1037 2944 1106 2986 de-

306 3013 454 3055 fensor

246 3084 574 3140 Paruipendcns
596 3100 675 3141 pro
695 3085 834 3129 nihilo
848 3086 1014 3130 habens
1035 3088 1106 3130 uel

307 3156 465 3199 ducens

1916 163 2000 206 411

1144 274 1473 330 Prosequantur
1505 273 1772 317 comitantur

1145 346 1409 389 Philacteria
1452 346 1671 401 scriptura
1708 346 1881 388 diuersa
1920 362 2003 402 que

1202 421 1384 474 propter
1433 419 1629 460 infirmos
1671 418 1891 461 habentur
1934 419 2004 461 uel

1204 491 1396 532 carmina

1144 561 1340 604 Ptochiis
1394 562 1841 618 indispensationibus
1903 578 2005 618 pau-

1203 648 1357 688 perum
1388 634 1458 676 uel
1490 634 1670 690 negotia
1702 635 1884 690 imperia

1145 704 1425 760 Pragmatica
1456 706 1597 748 forma
1629 706 1889 762 principalia
2025 717 2059 743 35

1144 775 1386 818 Primatem
1418 778 1639 820 dioceseos

1144 847 1314 890 Passim
1357 850 1604 904 promiscue
1653 849 1825 905 publice
1870 850 2004 907 uulgo

1204 921 1274 962 uel
1306 936 1384 976 per
1417 922 1563 963 omnia

1143 991 1436 1035 Portentuose
1487 996 1762 1036 monstruose
1819 995 2006 1050 exempli

1206 1079 1336 1107 causa
1369 1080 1467 1107 cum
1500 1080 1574 1108 sex
1607 1065 1758 1122 digitis
1791 1067 1885 1108 nati

1148 1136 1484 1193 promulgantes
1517 1140 1811 1192 proponentes

1144 1209 1301 1251 Preces
1338 1208 1502 1251 dictare
2026 1222 2061 1247 40

1144 1280 1300 1323 Predia
1331 1281 1631 1336 possessiones

1144 1352 1264 1408 Papa

1145 1425 1474 1467 Proconsolaris
1501 1426 1547 1467 in
1574 1425 1667 1468 uice
1690 1426 1882 1469 consulis
1905 1426 2008 1482 quia

1206 1497 1377 1539 suffecti
1411 1501 1539 1539 erunt
1572 1498 1826 1541 consulibus

1144 1568 1459 1612 Procuratores
1499 1570 1613 1625 quod
1656 1570 1752 1613 uice
1791 1570 2006 1613 curatoris

1205 1641 1447 1698 fungantur

1146 1713 1394 1770 Prosequor
1427 1714 1615 1757 deducor
1764 1716 1768 1719 ”
2027 1726 2062 1752 45

1145 1785 1420 1829 Primicirius
1453 1785 1512 1844 (ir
1535 1801 1616 1842 pro
1650 1802 1695 1829 er
1728 1785 1850 1844 corr.)

1146 1859 1421 1901 Presbiteras
1463 1874 1619 1902 uxores
1661 1859 2007 1915 presbiterorum

1207 1946 1315 1987 quas
1349 1934 1477 1973 antea

1144 2003 1359 2046 Pubertas

1146 2076 1473 2127 Querimoniam
1507 2076 1745 2132 querellam
1779 2090 1959 2132 grauem

1144 2148 1277 2191 Ruris
1310 2149 1415 2191 uille
2026 2161 2062 2187 50

1145 2220 1374 2278 Redigerit
1407 2221 1634 2263 reuocauit

1146 2293 1319 2350 Religio
1372 2294 1486 2349 quod
1536 2309 1614 2349 per
1659 2308 1755 2336 eam
1806 2294 1881 2336 uni
1927 2295 2005 2336 deo

1204 2366 1445 2422 religamur

1144 2437 1424 2493 Resipiscant
1458 2438 1665 2481 amissam
1697 2438 1910 2494 recipiant
1943 2454 2007 2481 sa-

1203 2510 1415 2565 pientiam

1146 2582 1293 2625 Sicera
1325 2586 1392 2625 est
1426 2583 1566 2625 omnis
1605 2583 1726 2638 potio
1769 2598 1850 2638 que
1885 2585 2007 2625 extra

1204 2655 1357 2697 uinum
1413 2655 1629 2697 inebriare
1683 2657 1832 2710 potest
1885 2655 2005 2697 cuius

1204 2727 1308 2769 licet
1339 2742 1499 2769 nomen
1524 2726 1736 2769 hebreum
1769 2728 1827 2769 sit
1859 2730 2006 2769 tamen

1204 2799 1391 2841 latinum
1431 2803 1559 2842 sonat
1596 2815 1676 2855 pro
1710 2814 1759 2841 eo
1800 2800 1915 2855 quod
1955 2815 2006 2842 ex

1206 2886 1309 2913 suco
1342 2872 1663 2914 frumentorum
1698 2873 1742 2913 et
1773 2886 2005 2926 pomorum

1206 2944 1437 2986 conficitur

1145 3014 1432 3071 Stipendisssis
1471 3013 1512 3073 (e
1539 3013 1680 3072 erasa)
1714 3016 1829 3072 quod
1856 3016 2005 3058 militi·
2025 3027 2060 3054 55

1204 3087 1287 3129 bus
1320 3088 1480 3129 dantur

1145 3158 1367 3215 Sacrilego
1400 3159 1585 3215 profano
