2216 3402
272 152 424 186 XXXVI
1013 151 1286 186 PRAEFATIO

274 261 325 302 ad
353 258 438 301 Cic.
461 261 543 301 div.
568 260 613 301 in
635 258 755 302 Caec.
784 261 808 311 ξ
837 259 893 301 55
921 261 1016 312 ‹et-g
1043 261 1099 301 56
1125 261 1353 315 pertinere,
1378 260 1679 305 antecedentes
1707 260 1759 301 ad
1787 262 1812 313 ξ
1841 260 2015 302 55-58

272 331 442 373 monuit
473 347 540 373 me
573 330 856 372 annmovs
892 329 1122 373 SCHOELL.
1657 383 1663 388 Π

392 402 561 457 Agmen
594 402 799 443 claudunt
832 401 1064 457 exempla
1096 402 1430 444 ‘latinitatis'
1464 403 1516 444 ad
1548 402 1794 444 litterarum
1823 402 2016 444 ordinem

273 474 444 529 digesta
482 473 678 514 codicis
713 471 1011 514 Charisiani
1050 472 1123 530 (cf.
1155 473 1311 515 KEILH
1345 467 1550 529 praefxp'.
1577 472 1655 530 X),
1689 488 1797 528 quae
1829 473 1942 515 edidi
1975 476 2018 515 et

272 546 455 587 tractavi
487 544 532 585 in
576 543 666 585 Ind.
700 543 787 585 Ien.
821 558 855 585 a.
886 545 1011 587 1888.
1074 544 1190 594 Quae
1233 545 1429 600 exempla
1477 545 1691 600 quomodo
1738 545 2018 587 cohaererent

270 631 368 658 611111
401 618 590 657 tractatu
624 630 748 669 quem
779 615 976 658 KEILIVS
1010 619 1111 670 post
1143 615 1447 658 Dositlieum
1480 633 1519 671 p.
1539 616 1774 659 426—428
1808 616 2018 672 exhibuit,

272 687 433 729 ibidem
467 687 658 742 exposui.
721 686 901 729 Praesto
935 686 1020 728 fuit
1053 688 1335 743 apographon
1367 687 1559 730 LOEWn.

390 865 550 914 Quinto
590 869 710 908 tomo
750 866 952 908 absoluto
992 866 1273 907 medullam
1314 866 1693 921 glossariorum
1734 866 2016 908 latinorum

273 941 322 979 et
366 938 850 993 latinograecorum
896 952 963 979 me
1007 937 1286 992 proposuisse
1331 937 1546 979 existimo.
1610 938 1881 992 Quamquam
1931 953 2020 980 non

271 1010 438 1063 desunt,
470 1009 520 1050 de
548 1009 704 1063 quibus
737 1009 844 1049 1111111
876 1008 1067 1050 nondum
1096 1008 1203 1049 satis
1237 1011 1427 1050 constet:
1460 1009 1580 1065 haec,
1612 1009 1648 1051 si
1675 1009 1787 1050 tanti
1814 1008 1908 1064 erit,
1935 1024 2021 1050 una

273 1096 371 1123 611111
415 1080 729 1135 supplementis
767 1080 988 1121 nonnullis
1035 1095 1143 1135 quae
1181 1079 1358 1120 interim
1403 1080 1658 1134 prodierunt
1699 1080 2021 1135 prodibuntque

271 1153 413 1207 primo
452 1152 669 1193 volumine
707 1154 808 1206 post
847 1166 897 1193 ea
930 1166 1036 1207 quae
1070 1151 1119 1192 de
1153 1151 1312 1207 glossis
1345 1153 1389 1192 et
1422 1152 1648 1208 glossariis
1687 1152 1733 1192 in
1770 1151 2020 1193 universum

273 1226 542 1278 exponentur
574 1223 904 1264 exhibebuntur.
951 1223 1100 1264 Tomis
1133 1225 1254 1264 sexto
1289 1225 1332 1263 et
1367 1223 1553 1277 septimo
1586 1223 1902 1278 glossarium
1935 1236 2021 1278 ge-

270 1296 445 1337 nerale
474 1319 516 1325 —
555 1295 600 1335 in
634 1309 717 1349 quo
751 1295 1047 1336 concinnando
1072 1297 1317 1348 *occupatus
1351 1309 1445 1335 sum
1483 1318 1531 1322 —
1568 1293 1874 1335 continebitur.

388 1366 846 1408 Bibliothecarum
895 1365 1177 1420 praefectis
1227 1364 1517 1418 Parisinae,
1567 1365 1854 1419 Leidensis,
1906 1366 2020 1406 Am-

270 1439 565 1493 plonianae,
605 1453 788 1492 quorum
821 1436 1079 1478 liberalitati
1116 1436 1187 1478 hic
1219 1439 1364 1478 tomus
1404 1437 1542 1478 multa
1581 1436 1725 1490 debet,
1767 1436 1898 1477 etiam
1937 1433 2052 1478 hoc'

269 1510 366 1552 loco
398 1511 551 1551 lubens
591 1509 832 1563 meritoque
865 1511 1011 1564 grates
1051 1522 1154 1564 ago:
1193 1509 1299 1549 item
1340 1507 1636 1550 Go‘r'rnonno
1671 1507 2018 1561 GVNDERMANN‚

272 1581 519 1623 GVILELMO
559 1581 742 1635 ΜΕΥΕΒ,
781 1581 947 1623 IOANNI
988 1580 1275 1634 TsCfflEDEL,
1314 1594 1497 1635 quorum
1536 1594 1666 1634 opera
1707 1579 1879 1634 egregie
1923 1593 2018 1620 sum

270 1654 456 1695 adiutus.

389 1784 534 1839 lenae,
568 1799 714 1825 mense
749 1783 849 1826 Dec.
884 1798 920 1825 a.
953 1781 1439 1825 MDCCCLXXXXHI.

991 2224 1301 2268 Addendum.

393 2322 461 2363 Ad
493 2321 624 2376 praef.
658 2337 696 2376 p.
723 2321 838 2363 XIV.
898 2321 1076 2363 Glossas
1116 2321 1317 2363 Placidi
1356 2336 1407 2362 ex
1445 2321 1558 2363 libro
1601 2321 1847 2376 glossarum
1886 2334 1911 2360 a
1949 2333 2016 2360 me

274 2397 496 2448 excerptas
525 2393 597 2447 qui
624 2393 896 2447 comparabit
917 2408 1013 2435 cum
1041 2393 1102 2434 eis
1125 2407 1232 2447 quae
1254 2392 1609 2434 DEVERLINGIVS
1630 2391 1675 2432 in
1696 2390 1849 2432 Dium.
1871 2404 2017 2446 gymn.

273 2466 366 2505 bav.
400 2468 428 2505 t.
457 2463 559 2506 XIV
592 2480 632 2518 p.
661 2466 744 2505 293
767 2479 860 2519 sqq.
899 2468 943 2506 et
983 2464 1206 2507 HAGENVS
1245 2463 1290 2505 in
1328 2478 1474 2519 progr.
1513 2463 1640 2504 Bern.
1672 2477 1713 2517 p.
1739 2463 1764 2503 9
1787 2477 1850 2517 sq.
1891 2476 2017 2517 expo-

274 2539 465 2589 suerunt,
491 2535 675 2577 fortasse
704 2536 898 2590 geminas
927 2536 1135 2590 quasdam
1162 2536 1331 2592 glossas
1358 2535 1412 2576 ab
1438 2535 1526 2576 illis
1554 2534 1708 2575 allatas
1736 2533 2016 2575 desiderabit:

275 2622 381 2661 quas
423 2609 595 2661 praeter
635 2606 920 2661 paucissimas
963 2606 1086 2663 (Isc'd.
1126 2608 1353 2649 Buteonem
1394 2607 1600 2660 iuuenem,
1641 2605 1743 2647 Isid.
1786 2604 2018 2647 Cessantem

274 2679 505 2719 tardantem
536 2681 762 2719 morantem
794 2681 867 2719 emt
893 2679 1149 2731 desinentem,
1175 2679 1222 2720 cle
1243 2678 1297 2731 yl.
1325 2677 1563 2720 Crastinam
1588 2677 1761 2718 dilatam
1786 2690 1814 2717 a
1838 2676 2017 2718 crastino

273 2750 373 2791 idest
391 2752 544 2802 postea,
569 2749 616 2790 de
637 2749 690 2802 (sl.
717 2747 907 2790 Dec'scent
931 2750 1145 2791 dissentire
1169 2750 1235 2791 uel
1260 2763 1287 2790 a
1305 2749 1518 2803 proposito
1544 2747 1725 2788 alienare·
1749 2747 1814 2789 uel
1839 2747 2015 2802 seiunyi)

274 2823 392 2861 certa
423 2821 576 2862 ductus
609 2819 777 2861 ratione
812 2819 950 2861 omisi.
1002 2829 1004 2831 ’
