<?xml version="1.0" encoding="UTF-8"?>
<!DOCTYPE html PUBLIC "-//W3C//DTD XHTML 1.0 Transitional//EN"
    "http://www.w3.org/TR/xhtml1/DTD/xhtml1-transitional.dtd">
<html xmlns="http://www.w3.org/1999/xhtml" xml:lang="en" lang="en">
 <head>
  <title>
</title>
<meta http-equiv="Content-Type" content="text/html;charset=utf-8" />
  <meta name='ocr-system' content='tesseract 3.04.00' />
  <meta name='ocr-capabilities' content='ocr_page ocr_carea ocr_par ocr_line ocrx_word'/>
</head>
<body>
  <div class='ocr_page' id='page_1' title='image "./corpusglossarior05linduoft_0627.png"; bbox 0 0 2221 3490; ppageno 0'>
   <div class='ocr_carea' id='block_1_1' title="bbox 521 166 1778 205">
    <p class='ocr_par' dir='ltr' id='par_1_1' title="bbox 521 166 1778 205">
     <span class='ocr_line' id='line_1_1' title="bbox 521 166 1778 205; baseline -0.002 -1"><span class='ocrx_word' id='word_1_1' title='bbox 521 168 778 205; x_wconf 84' lang='lat' dir='ltr'>EXCERPTA</span> <span class='ocrx_word' id='word_1_2' title='bbox 802 168 869 204; x_wconf 88' lang='lat' dir='ltr'>EX</span> <span class='ocrx_word' id='word_1_3' title='bbox 894 168 1065 205; x_wconf 86' lang='lat' dir='ltr'>CODICE</span> <span class='ocrx_word' id='word_1_4' title='bbox 1092 167 1340 204; x_wconf 85' lang='lat' dir='ltr'><strong>VATICANO</strong></span> <span class='ocrx_word' id='word_1_5' title='bbox 1367 167 1474 204; x_wconf 80' lang='lat' dir='ltr'><strong>REG.</strong></span> <span class='ocrx_word' id='word_1_6' title='bbox 1502 166 1681 204; x_wconf 81' lang='lat' dir='ltr'>CHRIST.</span> <span class='ocrx_word' id='word_1_7' title='bbox 1710 169 1778 201; x_wconf 79' lang='lat'>215</span> 
     </span>
    </p>
   </div>
   <div class='ocr_carea' id='block_1_2' title="bbox 276 278 1134 909">
    <p class='ocr_par' dir='ltr' id='par_1_2' title="bbox 276 278 1134 909">
     <span class='ocr_line' id='line_1_2' title="bbox 276 278 1131 335; baseline -0.001 -14"><span class='ocrx_word' id='word_1_8' title='bbox 276 278 569 335; x_wconf 84' lang='lat' dir='ltr'>Hippotoxoti</span> <span class='ocrx_word' id='word_1_9' title='bbox 618 278 859 322; x_wconf 86' lang='lat' dir='ltr'>funditores</span> <span class='ocrx_word' id='word_1_10' title='bbox 911 281 1013 321; x_wconf 89' lang='lat' dir='ltr'>sunt</span> <span class='ocrx_word' id='word_1_11' title='bbox 1058 278 1131 333; x_wconf 87' lang='lat' dir='ltr'>qui</span> 
     </span>
     <span class='ocr_line' id='line_1_3' title="bbox 335 352 1132 406; baseline -0.003 -13"><span class='ocrx_word' id='word_1_12' title='bbox 335 366 519 393; x_wconf 90' lang='lat' dir='ltr'>neruum</span> <span class='ocrx_word' id='word_1_13' title='bbox 548 365 673 393; x_wconf 86' lang='lat' dir='ltr'>arcus</span> <span class='ocrx_word' id='word_1_14' title='bbox 700 352 763 393; x_wconf 88' lang='lat' dir='ltr'>ita</span> <span class='ocrx_word' id='word_1_15' title='bbox 790 353 1058 406; x_wconf 89' lang='lat' dir='ltr'>componunt</span> <span class='ocrx_word' id='word_1_16' title='bbox 1083 352 1132 392; x_wconf 91' lang='lat' dir='ltr'>ut</span> 
     </span>
     <span class='ocr_line' id='line_1_4' title="bbox 337 422 1132 465; baseline -0.003 0"><span class='ocrx_word' id='word_1_17' title='bbox 337 423 395 465; x_wconf 87' lang='lat' dir='ltr'>sit</span> <span class='ocrx_word' id='word_1_18' title='bbox 433 422 623 465; x_wconf 88' lang='lat' dir='ltr'>inmedio</span> <span class='ocrx_word' id='word_1_19' title='bbox 667 422 797 464; x_wconf 87' lang='lat' dir='ltr'>funde</span> <span class='ocrx_word' id='word_1_20' title='bbox 848 422 1003 465; x_wconf 87' lang='lat' dir='ltr'>similis</span> <span class='ocrx_word' id='word_1_21' title='bbox 1047 422 1132 464; x_wconf 86' lang='lat' dir='ltr'>huc</span> 
     </span>
     <span class='ocr_line' id='line_1_5' title="bbox 336 493 1131 551; baseline -0.001 -15"><span class='ocrx_word' id='word_1_22' title='bbox 336 495 507 537; x_wconf 84' lang='lat' dir='ltr'>inmissi</span> <span class='ocrx_word' id='word_1_23' title='bbox 541 494 719 551; x_wconf 79' lang='lat' dir='ltr'>glandes</span> <span class='ocrx_word' id='word_1_24' title='bbox 753 494 796 535; x_wconf 89' lang='lat' dir='ltr'>id</span> <span class='ocrx_word' id='word_1_25' title='bbox 823 496 889 536; x_wconf 90' lang='lat' dir='ltr'>est</span> <span class='ocrx_word' id='word_1_26' title='bbox 916 493 1131 535; x_wconf 86' lang='lat' dir='ltr'>massulae</span> 
     </span>
     <span class='ocr_line' id='line_1_6' title="bbox 335 564 1132 621; baseline -0.003 -13"><span class='ocrx_word' id='word_1_27' title='bbox 335 567 520 621; x_wconf 75' lang='lat' dir='ltr'>rotunde</span> <span class='ocrx_word' id='word_1_28' title='bbox 560 582 611 608; x_wconf 82' lang='lat' dir='ltr'>ex</span> <span class='ocrx_word' id='word_1_29' title='bbox 651 564 807 621; x_wconf 86' lang='lat' dir='ltr'>argilla</span> <span class='ocrx_word' id='word_1_30' title='bbox 844 566 914 607; x_wconf 92' lang='lat' dir='ltr'>uel</span> <span class='ocrx_word' id='word_1_31' title='bbox 954 565 1132 620; x_wconf 88' lang='lat' dir='ltr'>plumbo</span> 
     </span>
     <span class='ocr_line' id='line_1_7' title="bbox 337 638 1134 692; baseline -0.004 -12"><span class='ocrx_word' id='word_1_32' title='bbox 337 653 506 680; x_wconf 88' lang='lat' dir='ltr'>summa</span> <span class='ocrx_word' id='word_1_33' title='bbox 545 638 589 679; x_wconf 90' lang='lat' dir='ltr'>ui</span> <span class='ocrx_word' id='word_1_34' title='bbox 635 639 825 679; x_wconf 82' lang='lat' dir='ltr'>attactus</span> <span class='ocrx_word' id='word_1_35' title='bbox 864 639 965 692; x_wconf 90' lang='lat' dir='ltr'>post</span> <span class='ocrx_word' id='word_1_36' title='bbox 1005 650 1134 691; x_wconf 88' lang='lat' dir='ltr'>quam</span> 
     </span>
     <span class='ocr_line' id='line_1_8' title="bbox 335 707 1133 752; baseline -0.005 -1"><span class='ocrx_word' id='word_1_37' title='bbox 335 724 495 752; x_wconf 90' lang='lat' dir='ltr'>neruus</span> <span class='ocrx_word' id='word_1_38' title='bbox 532 709 739 751; x_wconf 88' lang='lat' dir='ltr'>remissus</span> <span class='ocrx_word' id='word_1_39' title='bbox 773 711 840 750; x_wconf 90' lang='lat' dir='ltr'>est</span> <span class='ocrx_word' id='word_1_40' title='bbox 872 708 918 749; x_wconf 89' lang='lat' dir='ltr'>in</span> <span class='ocrx_word' id='word_1_41' title='bbox 958 707 1133 748; x_wconf 89' lang='lat' dir='ltr'>modum</span> 
     </span>
     <span class='ocr_line' id='line_1_9' title="bbox 338 778 1133 836; baseline -0.005 -13"><span class='ocrx_word' id='word_1_42' title='bbox 338 780 600 836; x_wconf 87' lang='lat' dir='ltr'>sagittarum</span> <span class='ocrx_word' id='word_1_43' title='bbox 667 780 810 821; x_wconf 86' lang='lat' dir='ltr'>fundit</span> <span class='ocrx_word' id='word_1_44' title='bbox 877 778 1133 834; x_wconf 82' lang='lat' dir='ltr'>longissime</span> 
     </span>
     <span class='ocr_line' id='line_1_10' title="bbox 337 852 516 909; baseline 0 -15"><span class='ocrx_word' id='word_1_45' title='bbox 337 852 516 909; x_wconf 85' lang='lat' dir='ltr'>glandes</span> 
     </span>
    </p>
   </div>
   <div class='ocr_carea' id='block_1_3' title="bbox 278 969 1135 1242">
    <p class='ocr_par' dir='ltr' id='par_1_3' title="bbox 278 969 1135 1242">
     <span class='ocr_line' id='line_1_11' title="bbox 278 969 1134 1026; baseline -0.005 -12"><span class='ocrx_word' id='word_1_46' title='bbox 278 971 498 1014; x_wconf 84' lang='lat' dir='ltr'>Karkesia</span> <span class='ocrx_word' id='word_1_47' title='bbox 513 974 614 1013; x_wconf 89' lang='lat' dir='ltr'>sunt</span> <span class='ocrx_word' id='word_1_48' title='bbox 627 985 734 1013; x_wconf 91' lang='lat' dir='ltr'>uasa</span> <span class='ocrx_word' id='word_1_49' title='bbox 747 970 1005 1026; x_wconf 86' lang='lat' dir='ltr'>pontificum</span> <span class='ocrx_word' id='word_1_50' title='bbox 1021 969 1134 1011; x_wconf 90' lang='lat' dir='ltr'>circa</span> 
     </span>
     <span class='ocr_line' id='line_1_12' title="bbox 336 1041 1135 1098; baseline -0.005 -12"><span class='ocrx_word' id='word_1_51' title='bbox 336 1044 525 1086; x_wconf 84' lang='lat' dir='ltr'>mediam</span> <span class='ocrx_word' id='word_1_52' title='bbox 556 1045 726 1098; x_wconf 90' lang='lat' dir='ltr'>partem</span> <span class='ocrx_word' id='word_1_53' title='bbox 754 1042 1042 1098; x_wconf 82' lang='lat' dir='ltr'>coangustata</span> <span class='ocrx_word' id='word_1_54' title='bbox 1069 1041 1135 1083; x_wconf 84' lang='lat' dir='ltr'>de-</span> 
     </span>
     <span class='ocr_line' id='line_1_13' title="bbox 337 1114 1135 1171; baseline -0.004 -14"><span class='ocrx_word' id='word_1_55' title='bbox 337 1115 626 1171; x_wconf 68' lang='lat' dir='ltr'>pendentibus</span> <span class='ocrx_word' id='word_1_56' title='bbox 661 1114 777 1156; x_wconf 89' lang='lat' dir='ltr'>ansis</span> <span class='ocrx_word' id='word_1_57' title='bbox 812 1130 836 1156; x_wconf 87' lang='lat' dir='ltr'>a</span> <span class='ocrx_word' id='word_1_58' title='bbox 864 1128 1031 1156; x_wconf 87' lang='lat' dir='ltr'>summo</span> <span class='ocrx_word' id='word_1_59' title='bbox 1066 1127 1135 1154; x_wconf 90' lang='lat' dir='ltr'>us-</span> 
     </span>
     <span class='ocr_line' id='line_1_14' title="bbox 339 1187 938 1242; baseline -0.003 -13"><span class='ocrx_word' id='word_1_60' title='bbox 339 1202 420 1242; x_wconf 90' lang='lat' dir='ltr'>que</span> <span class='ocrx_word' id='word_1_61' title='bbox 455 1187 507 1229; x_wconf 83' lang='lat' dir='ltr'>ad</span> <span class='ocrx_word' id='word_1_62' title='bbox 538 1187 735 1229; x_wconf 90' lang='lat' dir='ltr'>infimam</span> <span class='ocrx_word' id='word_1_63' title='bbox 767 1189 938 1242; x_wconf 87' lang='lat' dir='ltr'>partem</span> 
     </span>
    </p>
   </div>
   <div class='ocr_carea' id='block_1_4' title="bbox 242 1305 1137 1708">
    <p class='ocr_par' dir='ltr' id='par_1_4' title="bbox 242 1305 1137 1708">
     <span class='ocr_line' id='line_1_15' title="bbox 276 1305 754 1349; baseline -0.004 0"><span class='ocrx_word' id='word_1_64' title='bbox 276 1306 519 1349; x_wconf 82' lang='lat' dir='ltr'>Moratores</span> <span class='ocrx_word' id='word_1_65' title='bbox 553 1305 754 1348; x_wconf 85' lang='lat' dir='ltr'>aduocati</span> 
     </span>
     <span class='ocr_line' id='line_1_16' title="bbox 277 1378 831 1433; baseline -0.004 -13"><span class='ocrx_word' id='word_1_66' title='bbox 277 1378 519 1420; x_wconf 81' lang='lat' dir='ltr'>Maratrum</span> <span class='ocrx_word' id='word_1_67' title='bbox 550 1378 831 1433; x_wconf 87' lang='lat' dir='ltr'>pheniculum</span> 
     </span>
     <span class='ocr_line' id='line_1_17' title="bbox 242 1449 1136 1505; baseline -0.002 -13"><span class='ocrx_word' id='word_1_68' title='bbox 242 1460 258 1485; x_wconf 83' lang='lat'>5</span> <span class='ocrx_word' id='word_1_69' title='bbox 277 1450 532 1505; x_wconf 89' lang='lat' dir='ltr'>Marsuppia</span> <span class='ocrx_word' id='word_1_70' title='bbox 547 1449 743 1492; x_wconf 83' lang='lat' dir='ltr'>sacculus</span> <span class='ocrx_word' id='word_1_71' title='bbox 757 1464 1036 1492; x_wconf 89' lang='lat' dir='ltr'>nummorum</span> <span class='ocrx_word' id='word_1_72' title='bbox 1051 1463 1136 1503; x_wconf 91' lang='lat' dir='ltr'>quo</span> 
     </span>
     <span class='ocr_line' id='line_1_18' title="bbox 336 1521 1137 1577; baseline -0.004 -12"><span class='ocrx_word' id='word_1_73' title='bbox 336 1521 511 1565; x_wconf 90' lang='lat' dir='ltr'>nomine</span> <span class='ocrx_word' id='word_1_74' title='bbox 539 1525 582 1563; x_wconf 89' lang='lat' dir='ltr'>et</span> <span class='ocrx_word' id='word_1_75' title='bbox 608 1522 723 1577; x_wconf 89' lang='lat' dir='ltr'>apud</span> <span class='ocrx_word' id='word_1_76' title='bbox 749 1521 911 1563; x_wconf 89' lang='lat' dir='ltr'>latinos</span> <span class='ocrx_word' id='word_1_77' title='bbox 943 1535 1137 1576; x_wconf 86' lang='lat' dir='ltr'>marsup-</span> 
     </span>
     <span class='ocr_line' id='line_1_19' title="bbox 338 1593 964 1649; baseline -0.002 -14"><span class='ocrx_word' id='word_1_78' title='bbox 338 1594 459 1649; x_wconf 89' lang='lat' dir='ltr'>pium</span> <span class='ocrx_word' id='word_1_79' title='bbox 492 1593 651 1636; x_wconf 88' lang='lat' dir='ltr'>dicitur</span> <span class='ocrx_word' id='word_1_80' title='bbox 682 1596 794 1635; x_wconf 89' lang='lat' dir='ltr'>teste</span> <span class='ocrx_word' id='word_1_81' title='bbox 826 1593 964 1648; x_wconf 86' lang='lat' dir='ltr'>plinio</span> 
     </span>
     <span class='ocr_line' id='line_1_20' title="bbox 278 1664 1116 1708; baseline -0.001 -1"><span class='ocrx_word' id='word_1_82' title='bbox 278 1665 588 1708; x_wconf 89' lang='lat' dir='ltr'>Mediastemus</span> <span class='ocrx_word' id='word_1_83' title='bbox 620 1664 765 1707; x_wconf 87' lang='lat' dir='ltr'>incola</span> <span class='ocrx_word' id='word_1_84' title='bbox 797 1665 962 1706; x_wconf 87' lang='lat' dir='ltr'>mediae</span> <span class='ocrx_word' id='word_1_85' title='bbox 996 1664 1116 1706; x_wconf 89' lang='lat' dir='ltr'>urbis</span> 
     </span>
    </p>
   </div>
   <div class='ocr_carea' id='block_1_5' title="bbox 279 1795 1136 1997">
    <p class='ocr_par' dir='ltr' id='par_1_5' title="bbox 279 1795 1136 1997">
     <span class='ocr_line' id='line_1_21' title="bbox 279 1795 1136 1840; baseline -0.002 0"><span class='ocrx_word' id='word_1_86' title='bbox 279 1795 450 1840; x_wconf 83' lang='lat' dir='ltr'>Odissia</span> <span class='ocrx_word' id='word_1_87' title='bbox 482 1797 593 1839; x_wconf 85' lang='lat' dir='ltr'>liber</span> <span class='ocrx_word' id='word_1_88' title='bbox 618 1796 787 1839; x_wconf 87' lang='lat' dir='ltr'>homeri</span> <span class='ocrx_word' id='word_1_89' title='bbox 813 1797 889 1838; x_wconf 90' lang='lat' dir='ltr'>ubi</span> <span class='ocrx_word' id='word_1_90' title='bbox 917 1796 1136 1839; x_wconf 88' lang='lat' dir='ltr'>continen-</span> 
     </span>
     <span class='ocr_line' id='line_1_22' title="bbox 337 1868 1134 1925; baseline -0.001 -14"><span class='ocrx_word' id='word_1_91' title='bbox 337 1872 409 1911; x_wconf 88' lang='lat' dir='ltr'>tur</span> <span class='ocrx_word' id='word_1_92' title='bbox 447 1871 572 1925; x_wconf 87' lang='lat' dir='ltr'>gesta</span> <span class='ocrx_word' id='word_1_93' title='bbox 609 1868 769 1910; x_wconf 89' lang='lat' dir='ltr'>odissei</span> <span class='ocrx_word' id='word_1_94' title='bbox 809 1868 852 1910; x_wconf 87' lang='lat' dir='ltr'>id</span> <span class='ocrx_word' id='word_1_95' title='bbox 894 1871 961 1911; x_wconf 88' lang='lat' dir='ltr'>est</span> <span class='ocrx_word' id='word_1_96' title='bbox 1005 1868 1134 1910; x_wconf 84' lang='lat' dir='ltr'>ulixis</span> 
     </span>
     <span class='ocr_line' id='line_1_23' title="bbox 339 1939 992 1997; baseline -0.002 -14"><span class='ocrx_word' id='word_1_97' title='bbox 339 1941 420 1996; x_wconf 89' lang='lat' dir='ltr'>qui.</span> <span class='ocrx_word' id='word_1_98' title='bbox 447 1955 572 1997; x_wconf 85' lang='lat' dir='ltr'>grece</span> <span class='ocrx_word' id='word_1_99' title='bbox 605 1940 799 1982; x_wconf 89' lang='lat' dir='ltr'>odisseus</span> <span class='ocrx_word' id='word_1_100' title='bbox 832 1939 992 1982; x_wconf 84' lang='lat' dir='ltr'>dicitur</span> 
     </span>
    </p>
   </div>
   <div class='ocr_carea' id='block_1_6' title="bbox 227 2071 1137 3204">
    <p class='ocr_par' dir='ltr' id='par_1_6' title="bbox 278 2071 1049 2128">
     <span class='ocr_line' id='line_1_24' title="bbox 278 2071 1049 2128; baseline 0 -14"><span class='ocrx_word' id='word_1_101' title='bbox 278 2073 501 2128; x_wconf 90' lang='lat' dir='ltr'>Propoma</span> <span class='ocrx_word' id='word_1_102' title='bbox 532 2071 653 2127; x_wconf 90' lang='lat' dir='ltr'>potio</span> <span class='ocrx_word' id='word_1_103' title='bbox 688 2071 805 2114; x_wconf 89' lang='lat' dir='ltr'>clara</span> <span class='ocrx_word' id='word_1_104' title='bbox 838 2071 883 2113; x_wconf 91' lang='lat' dir='ltr'>in</span> <span class='ocrx_word' id='word_1_105' title='bbox 913 2072 1049 2114; x_wconf 91' lang='lat' dir='ltr'>linteo</span> 
     </span>
    </p>

    <p class='ocr_par' dir='ltr' id='par_1_7' title="bbox 279 2143 1136 2330">
     <span class='ocr_line' id='line_1_25' title="bbox 279 2143 1136 2199; baseline -0.002 -12"><span class='ocrx_word' id='word_1_106' title='bbox 279 2143 527 2187; x_wconf 72' lang='lat' dir='ltr'>Parentalia</span> <span class='ocrx_word' id='word_1_107' title='bbox 547 2146 649 2186; x_wconf 88' lang='lat' dir='ltr'>sunt</span> <span class='ocrx_word' id='word_1_108' title='bbox 673 2144 928 2186; x_wconf 88' lang='lat' dir='ltr'>munuscula</span> <span class='ocrx_word' id='word_1_109' title='bbox 944 2159 1026 2198; x_wconf 72' lang='lat' dir='ltr'>que</span> <span class='ocrx_word' id='word_1_110' title='bbox 1041 2159 1136 2199; x_wconf 89' lang='lat' dir='ltr'>pro-</span> 
     </span>
     <span class='ocr_line' id='line_1_26' title="bbox 336 2215 1136 2271; baseline 0 -13"><span class='ocrx_word' id='word_1_111' title='bbox 336 2216 527 2258; x_wconf 90' lang='lat' dir='ltr'>remedio</span> <span class='ocrx_word' id='word_1_112' title='bbox 570 2217 801 2271; x_wconf 86' lang='lat' dir='ltr'>parentum</span> <span class='ocrx_word' id='word_1_113' title='bbox 840 2216 919 2258; x_wconf 90' lang='lat' dir='ltr'>deo</span> <span class='ocrx_word' id='word_1_114' title='bbox 958 2215 1136 2258; x_wconf 89' lang='lat' dir='ltr'>insacri-</span> 
     </span>
     <span class='ocr_line' id='line_1_27' title="bbox 337 2288 756 2330; baseline -0.002 0"><span class='ocrx_word' id='word_1_115' title='bbox 337 2288 485 2330; x_wconf 90' lang='lat' dir='ltr'>ficium</span> <span class='ocrx_word' id='word_1_116' title='bbox 518 2288 756 2330; x_wconf 84' lang='lat' dir='ltr'>offeruntur</span> 
     </span>
    </p>

    <p class='ocr_par' dir='ltr' id='par_1_8' title="bbox 227 2359 1137 2416">
     <span class='ocr_line' id='line_1_28' title="bbox 227 2359 1137 2416; baseline 0.001 -18"><span class='ocrx_word' id='word_1_117' title='bbox 227 2372 260 2398; x_wconf 92' lang='lat'>10</span> <span class='ocrx_word' id='word_1_118' title='bbox 278 2359 453 2416; x_wconf 89' lang='lat' dir='ltr'>Phagos</span> <span class='ocrx_word' id='word_1_119' title='bbox 494 2359 617 2402; x_wconf 86' lang='lat' dir='ltr'>cibus</span> <span class='ocrx_word' id='word_1_120' title='bbox 655 2359 766 2401; x_wconf 90' lang='lat' dir='ltr'>unde</span> <span class='ocrx_word' id='word_1_121' title='bbox 807 2362 873 2401; x_wconf 84' lang='lat' dir='ltr'>est</span> <span class='ocrx_word' id='word_1_122' title='bbox 912 2360 1018 2401; x_wconf 86' lang='lat' dir='ltr'>illud</span> <span class='ocrx_word' id='word_1_123' title='bbox 1058 2365 1137 2399; x_wconf 89' lang='grc' dir='ltr'>ΦΑ-</span> 
     </span>
    </p>

    <p class='ocr_par' dir='ltr' id='par_1_9' title="bbox 338 2432 1137 2688">
     <span class='ocr_line' id='line_1_29' title="bbox 339 2432 1137 2477; baseline 0.001 -1"><span class='ocrx_word' id='word_1_124' title='bbox 339 2441 429 2476; x_wconf 75' lang='lat' dir='ltr'>soec</span> <span class='ocrx_word' id='word_1_125' title='bbox 450 2442 476 2476; x_wconf 92' lang='grc' dir='ltr'>Η</span> <span class='ocrx_word' id='word_1_126' title='bbox 499 2441 728 2476; x_wconf 76' lang='grc' dir='ltr'>ΜΗΕΥΝΟΟΕ</span> <span class='ocrx_word' id='word_1_127' title='bbox 744 2470 750 2476; x_wconf 96' lang='grc'><em>.</em></span> <span class='ocrx_word' id='word_1_128' title='bbox 765 2441 926 2477; x_wconf 76' lang='grc' dir='ltr'>ΑΡΘΟΟ(</span> <span class='ocrx_word' id='word_1_129' title='bbox 942 2471 948 2477; x_wconf 93' lang='grc'><strong>.</strong></span> <span class='ocrx_word' id='word_1_130' title='bbox 965 2432 1137 2477; x_wconf 77' lang='grc' dir='ltr'>ΚΗῨΘῨ-</span> 
     </span>
     <span class='ocr_line' id='line_1_30' title="bbox 339 2502 1136 2551; baseline 0.004 -3"><span class='ocrx_word' id='word_1_131' title='bbox 339 2513 432 2548; x_wconf 77' lang='grc' dir='ltr'>ΡωΕ</span> <span class='ocrx_word' id='word_1_132' title='bbox 452 2540 460 2548; x_wconf 92' lang='grc'><strong>.</strong></span> <span class='ocrx_word' id='word_1_133' title='bbox 483 2502 710 2548; x_wconf 79' lang='grc' dir='ltr'>ΚΗῨῨΝωΝ</span> <span class='ocrx_word' id='word_1_134' title='bbox 755 2509 838 2551; x_wconf 90' lang='grc'><strong>1100</strong></span> <span class='ocrx_word' id='word_1_135' title='bbox 884 2511 950 2551; x_wconf 84' lang='grc'>681</span> <span class='ocrx_word' id='word_1_136' title='bbox 997 2507 1136 2551; x_wconf 83' lang='lat' dir='ltr'>dicere</span> 
     </span>
     <span class='ocr_line' id='line_1_31' title="bbox 338 2573 1136 2630; baseline 0 -13"><span class='ocrx_word' id='word_1_137' title='bbox 338 2574 460 2617; x_wconf 88' lang='lat' dir='ltr'>cibus</span> <span class='ocrx_word' id='word_1_138' title='bbox 489 2573 718 2617; x_wconf 72' lang='lat' dir='ltr'>cotidianis</span> <span class='ocrx_word' id='word_1_139' title='bbox 745 2573 870 2630; x_wconf 88' lang='lat' dir='ltr'>panis</span> <span class='ocrx_word' id='word_1_140' title='bbox 891 2577 935 2616; x_wconf 89' lang='grc'>61</span> <span class='ocrx_word' id='word_1_141' title='bbox 963 2589 1136 2617; x_wconf 88' lang='lat' dir='ltr'>caseum</span> 
     </span>
     <span class='ocr_line' id='line_1_32' title="bbox 338 2646 564 2688; baseline -0.004 0"><span class='ocrx_word' id='word_1_142' title='bbox 338 2648 382 2688; x_wconf 90' lang='grc'>61</span> <span class='ocrx_word' id='word_1_143' title='bbox 412 2646 564 2688; x_wconf 87' lang='grc'><strong>1111111111</strong></span> 
     </span>
    </p>

    <p class='ocr_par' dir='ltr' id='par_1_10' title="bbox 278 2717 1136 3046">
     <span class='ocr_line' id='line_1_33' title="bbox 278 2717 1136 2760; baseline -0.005 0"><span class='ocrx_word' id='word_1_144' title='bbox 278 2717 408 2760; x_wconf 88' lang='lat' dir='ltr'>Palos</span> <span class='ocrx_word' id='word_1_145' title='bbox 433 2719 560 2760; x_wconf 91' lang='lat' dir='ltr'>uetus</span> <span class='ocrx_word' id='word_1_146' title='bbox 581 2718 694 2760; x_wconf 88' lang='lat' dir='ltr'>unde</span> <span class='ocrx_word' id='word_1_147' title='bbox 723 2720 789 2759; x_wconf 92' lang='lat' dir='ltr'>est</span> <span class='ocrx_word' id='word_1_148' title='bbox 813 2717 921 2759; x_wconf 89' lang='lat' dir='ltr'>illud</span> <span class='ocrx_word' id='word_1_149' title='bbox 947 2722 1136 2757; x_wconf 75' lang='grc' dir='ltr'>ΠΑΛωΕ.</span> 
     </span>
     <span class='ocr_line' id='line_1_34' title="bbox 338 2787 1135 2846; baseline 0.001 -18"><span class='ocrx_word' id='word_1_150' title='bbox 338 2792 580 2841; x_wconf 68' lang='lat' dir='ltr'>MsssssspoeC.</span> <span class='ocrx_word' id='word_1_151' title='bbox 614 2787 663 2846; x_wconf 83' lang='grc' dir='ltr'>(Ω</span> <span class='ocrx_word' id='word_1_152' title='bbox 689 2788 812 2845; x_wconf 78' lang='lat' dir='ltr'>eras.)</span> <span class='ocrx_word' id='word_1_153' title='bbox 846 2794 1135 2829; x_wconf 81' lang='grc' dir='ltr'>ΝΗωΝ.φΡω-</span> 
     </span>
     <span class='ocr_line' id='line_1_35' title="bbox 339 2860 1135 2909; baseline 0.005 -4"><span class='ocrx_word' id='word_1_154' title='bbox 339 2861 513 2906; x_wconf 74' lang='grc' dir='ltr'>ΝῩΜωΝ</span> <span class='ocrx_word' id='word_1_155' title='bbox 537 2860 624 2907; x_wconf 58' lang='lat' dir='ltr'>‚iris</span> <span class='ocrx_word' id='word_1_156' title='bbox 639 2900 645 2907; x_wconf 88' lang='lat'><strong><em>.</em></strong></span> <span class='ocrx_word' id='word_1_157' title='bbox 660 2862 802 2906; x_wconf 71' lang='grc' dir='ltr'>ΠῩωΝ</span> <span class='ocrx_word' id='word_1_158' title='bbox 825 2899 832 2907; x_wconf 93' lang='grc'><strong>.</strong></span> <span class='ocrx_word' id='word_1_159' title='bbox 859 2866 972 2909; x_wconf 72' lang='lat' dir='ltr'>idest</span> <span class='ocrx_word' id='word_1_160' title='bbox 1009 2869 1135 2908; x_wconf 75' lang='lat' dir='ltr'>uetus</span> 
     </span>
     <span class='ocr_line' id='line_1_36' title="bbox 338 2932 1136 2989; baseline -0.001 -14"><span class='ocrx_word' id='word_1_161' title='bbox 338 2932 501 2975; x_wconf 87' lang='lat' dir='ltr'>stultus</span> <span class='ocrx_word' id='word_1_162' title='bbox 551 2947 714 2975; x_wconf 90' lang='lat' dir='ltr'>nouum</span> <span class='ocrx_word' id='word_1_163' title='bbox 762 2932 1002 2989; x_wconf 87' lang='lat' dir='ltr'>sapientem</span> <span class='ocrx_word' id='word_1_164' title='bbox 1048 2947 1136 2974; x_wconf 91' lang='lat' dir='ltr'>non</span> 
     </span>
     <span class='ocr_line' id='line_1_37' title="bbox 337 3003 445 3046; baseline 0 -1"><span class='ocrx_word' id='word_1_165' title='bbox 337 3003 445 3046; x_wconf 83' lang='lat' dir='ltr'>facit</span> 
     </span>
    </p>

    <p class='ocr_par' dir='ltr' id='par_1_11' title="bbox 279 3073 1137 3204">
     <span class='ocr_line' id='line_1_38' title="bbox 279 3073 1136 3131; baseline 0 -14"><span class='ocrx_word' id='word_1_166' title='bbox 279 3073 470 3131; x_wconf 88' lang='lat' dir='ltr'>Popinae</span> <span class='ocrx_word' id='word_1_167' title='bbox 497 3074 701 3118; x_wconf 89' lang='lat' dir='ltr'>dicuntur</span> <span class='ocrx_word' id='word_1_168' title='bbox 722 3075 948 3131; x_wconf 88' lang='lat' dir='ltr'>apellendo</span> <span class='ocrx_word' id='word_1_169' title='bbox 974 3075 1136 3118; x_wconf 89' lang='lat' dir='ltr'>famem</span> 
     </span>
     <span class='ocr_line' id='line_1_39' title="bbox 340 3146 1137 3204; baseline 0.001 -15"><span class='ocrx_word' id='word_1_170' title='bbox 340 3162 453 3203; x_wconf 86' lang='lat' dir='ltr'>aqua</span> <span class='ocrx_word' id='word_1_171' title='bbox 485 3150 528 3190; x_wconf 89' lang='grc'>61</span> <span class='ocrx_word' id='word_1_172' title='bbox 559 3146 773 3204; x_wconf 85' lang='lat' dir='ltr'>originem</span> <span class='ocrx_word' id='word_1_173' title='bbox 799 3147 919 3191; x_wconf 87' lang='lat' dir='ltr'>ducit</span> <span class='ocrx_word' id='word_1_174' title='bbox 949 3147 1033 3190; x_wconf 87' lang='lat' dir='ltr'>hoc</span> <span class='ocrx_word' id='word_1_175' title='bbox 1063 3162 1137 3190; x_wconf 92' lang='lat' dir='ltr'>no-</span> 
     </span>
    </p>
   </div>
   <div class='ocr_carea' id='block_1_7' title="bbox 1938 165 2024 206">
    <p class='ocr_par' dir='ltr' id='par_1_12' title="bbox 1938 165 2024 206">
     <span class='ocr_line' id='line_1_40' title="bbox 1938 165 2024 206; baseline 0 0"><span class='ocrx_word' id='word_1_176' title='bbox 1938 165 2024 206; x_wconf 78' lang='lat'>585</span> 
     </span>
    </p>
   </div>
   <div class='ocr_carea' id='block_1_8' title="bbox 1170 275 2085 2124">
    <p class='ocr_par' dir='ltr' id='par_1_13' title="bbox 1229 275 2026 463">
     <span class='ocr_line' id='line_1_41' title="bbox 1229 275 2026 320; baseline -0.005 0"><span class='ocrx_word' id='word_1_177' title='bbox 1229 293 1339 320; x_wconf 86' lang='lat' dir='ltr'>men.</span> <span class='ocrx_word' id='word_1_178' title='bbox 1403 279 1526 319; x_wconf 89' lang='lat' dir='ltr'>erant</span> <span class='ocrx_word' id='word_1_179' title='bbox 1579 276 1694 319; x_wconf 89' lang='lat' dir='ltr'>enim</span> <span class='ocrx_word' id='word_1_180' title='bbox 1749 276 1846 318; x_wconf 89' lang='lat' dir='ltr'>loca</span> <span class='ocrx_word' id='word_1_181' title='bbox 1904 275 2026 317; x_wconf 84' lang='lat' dir='ltr'>iuxta</span> 
     </span>
     <span class='ocr_line' id='line_1_42' title="bbox 1229 347 2026 404; baseline -0.005 -12"><span class='ocrx_word' id='word_1_182' title='bbox 1229 348 1395 392; x_wconf 88' lang='lat' dir='ltr'>balneis</span> <span class='ocrx_word' id='word_1_183' title='bbox 1427 349 1503 391; x_wconf 84' lang='lat' dir='ltr'>ubi</span> <span class='ocrx_word' id='word_1_184' title='bbox 1534 351 1637 404; x_wconf 86' lang='lat' dir='ltr'>post</span> <span class='ocrx_word' id='word_1_185' title='bbox 1668 347 1936 390; x_wconf 86' lang='lat' dir='ltr'>lauationem</span> <span class='ocrx_word' id='word_1_186' title='bbox 1965 362 2026 388; x_wconf 86' lang='lat' dir='ltr'>re-</span> 
     </span>
     <span class='ocr_line' id='line_1_43' title="bbox 1229 421 1487 463; baseline 0 -1"><span class='ocrx_word' id='word_1_187' title='bbox 1229 421 1487 463; x_wconf 89' lang='lat' dir='ltr'>ficiebantur</span> 
     </span>
    </p>

    <p class='ocr_par' dir='ltr' id='par_1_14' title="bbox 1170 490 2026 617">
     <span class='ocr_line' id='line_1_44' title="bbox 1170 490 2026 546; baseline -0.002 -12"><span class='ocrx_word' id='word_1_188' title='bbox 1170 492 1517 534; x_wconf 73' lang='lat' dir='ltr'>Panathenaicus</span> <span class='ocrx_word' id='word_1_189' title='bbox 1544 492 1656 533; x_wconf 89' lang='lat' dir='ltr'>liber</span> <span class='ocrx_word' id='word_1_190' title='bbox 1681 494 1829 546; x_wconf 85' lang='lat' dir='ltr'>potest</span> <span class='ocrx_word' id='word_1_191' title='bbox 1853 490 1937 533; x_wconf 89' lang='lat' dir='ltr'>dici</span> <span class='ocrx_word' id='word_1_192' title='bbox 1964 493 2026 532; x_wconf 90' lang='grc'>10-</span> 
     </span>
     <span class='ocr_line' id='line_1_45' title="bbox 1232 562 1937 617; baseline -0.001 -12"><span class='ocrx_word' id='word_1_193' title='bbox 1232 564 1320 605; x_wconf 89' lang='grc'><strong>11118</strong></span> <span class='ocrx_word' id='word_1_194' title='bbox 1354 564 1399 605; x_wconf 77' lang='lat' dir='ltr'>in.</span> <span class='ocrx_word' id='word_1_195' title='bbox 1431 563 1586 605; x_wconf 83' lang='lat' dir='ltr'>mortis</span> <span class='ocrx_word' id='word_1_196' title='bbox 1620 562 1937 617; x_wconf 81' lang='lat' dir='ltr'>conitemptum</span> 
     </span>
    </p>

    <p class='ocr_par' dir='ltr' id='par_1_15' title="bbox 1172 633 2030 1048">
     <span class='ocr_line' id='line_1_46' title="bbox 1172 633 2028 689; baseline -0.001 -13"><span class='ocrx_word' id='word_1_197' title='bbox 1172 634 1499 689; x_wconf 87' lang='lat' dir='ltr'>Porphireticus</span> <span class='ocrx_word' id='word_1_198' title='bbox 1527 634 1708 689; x_wconf 85' lang='lat' dir='ltr'>lapisest</span> <span class='ocrx_word' id='word_1_199' title='bbox 1734 633 1939 689; x_wconf 87' lang='lat' dir='ltr'>purpurei</span> <span class='ocrx_word' id='word_1_200' title='bbox 1961 649 2028 677; x_wconf 85' lang='lat' dir='ltr'>co—</span> 
     </span>
     <span class='ocr_line' id='line_1_47' title="bbox 1231 705 2028 762; baseline -0.001 -15"><span class='ocrx_word' id='word_1_201' title='bbox 1231 706 1337 748; x_wconf 89' lang='lat' dir='ltr'>loris</span> <span class='ocrx_word' id='word_1_202' title='bbox 1379 709 1422 748; x_wconf 90' lang='lat' dir='ltr'>et</span> <span class='ocrx_word' id='word_1_203' title='bbox 1455 706 1713 761; x_wconf 88' lang='lat' dir='ltr'>quibusdam</span> <span class='ocrx_word' id='word_1_204' title='bbox 1753 705 1915 762; x_wconf 86' lang='lat' dir='ltr'>legitur</span> <span class='ocrx_word' id='word_1_205' title='bbox 1952 720 2028 760; x_wconf 90' lang='lat' dir='ltr'>per</span> 
     </span>
     <span class='ocr_line' id='line_1_48' title="bbox 1233 777 2028 833; baseline -0.001 -14"><span class='ocrx_word' id='word_1_206' title='bbox 1233 793 1294 820; x_wconf 92' lang='lat' dir='ltr'>.o.</span> <span class='ocrx_word' id='word_1_207' title='bbox 1325 777 1371 819; x_wconf 89' lang='lat' dir='ltr'>in</span> <span class='ocrx_word' id='word_1_208' title='bbox 1403 777 1544 833; x_wconf 88' lang='lat' dir='ltr'>prima</span> <span class='ocrx_word' id='word_1_209' title='bbox 1577 780 1620 819; x_wconf 91' lang='lat' dir='ltr'>et</span> <span class='ocrx_word' id='word_1_210' title='bbox 1652 792 1728 832; x_wconf 90' lang='lat' dir='ltr'>per</span> <span class='ocrx_word' id='word_1_211' title='bbox 1761 792 1802 819; x_wconf 85' lang='lat' dir='ltr'>e.</span> <span class='ocrx_word' id='word_1_212' title='bbox 1834 777 1880 819; x_wconf 89' lang='lat' dir='ltr'>in</span> <span class='ocrx_word' id='word_1_213' title='bbox 1913 780 2028 818; x_wconf 88' lang='lat' dir='ltr'>ante-</span> 
     </span>
     <span class='ocr_line' id='line_1_49' title="bbox 1231 848 2029 905; baseline -0.001 -14"><span class='ocrx_word' id='word_1_214' title='bbox 1231 849 1472 905; x_wconf 88' lang='lat' dir='ltr'>penultima</span> <span class='ocrx_word' id='word_1_215' title='bbox 1533 849 1854 904; x_wconf 84' lang='lat' dir='ltr'>porphireticus</span> <span class='ocrx_word' id='word_1_216' title='bbox 1915 848 2029 903; x_wconf 86' lang='lat' dir='ltr'>quod</span> 
     </span>
     <span class='ocr_line' id='line_1_50' title="bbox 1232 920 2030 976; baseline -0.001 -14"><span class='ocrx_word' id='word_1_217' title='bbox 1232 920 1378 962; x_wconf 88' lang='lat' dir='ltr'>uerius</span> <span class='ocrx_word' id='word_1_218' title='bbox 1434 923 1500 962; x_wconf 91' lang='lat' dir='ltr'>est</span> <span class='ocrx_word' id='word_1_219' title='bbox 1550 936 1574 962; x_wconf 92' lang='lat' dir='ltr'>a</span> <span class='ocrx_word' id='word_1_220' title='bbox 1625 921 1885 976; x_wconf 87' lang='lat' dir='ltr'>quibusdam</span> <span class='ocrx_word' id='word_1_221' title='bbox 1934 935 2030 975; x_wconf 90' lang='lat' dir='ltr'>por-</span> 
     </span>
     <span class='ocr_line' id='line_1_51' title="bbox 1234 992 1806 1048; baseline 0 -14"><span class='ocrx_word' id='word_1_222' title='bbox 1234 992 1464 1048; x_wconf 88' lang='lat' dir='ltr'>phiriticus</span> <span class='ocrx_word' id='word_1_223' title='bbox 1500 992 1572 1034; x_wconf 92' lang='lat' dir='ltr'>sed</span> <span class='ocrx_word' id='word_1_224' title='bbox 1606 994 1806 1047; x_wconf 86' lang='lat' dir='ltr'>corrupte</span> 
     </span>
    </p>

    <p class='ocr_par' dir='ltr' id='par_1_16' title="bbox 1174 1063 2085 1393">
     <span class='ocr_line' id='line_1_52' title="bbox 1174 1063 2085 1120; baseline -0.002 -14"><span class='ocrx_word' id='word_1_225' title='bbox 1174 1063 1294 1106; x_wconf 81' lang='lat' dir='ltr'>Pabo</span> <span class='ocrx_word' id='word_1_226' title='bbox 1327 1078 1462 1120; x_wconf 90' lang='lat' dir='ltr'>genus</span> <span class='ocrx_word' id='word_1_227' title='bbox 1496 1064 1653 1106; x_wconf 89' lang='lat' dir='ltr'>ueiculi</span> <span class='ocrx_word' id='word_1_228' title='bbox 1687 1079 1784 1106; x_wconf 90' lang='lat' dir='ltr'>cum</span> <span class='ocrx_word' id='word_1_229' title='bbox 1816 1078 1902 1105; x_wconf 90' lang='lat' dir='ltr'>una</span> <span class='ocrx_word' id='word_1_230' title='bbox 1933 1066 2031 1105; x_wconf 85' lang='lat' dir='ltr'>rota</span> <span class='ocrx_word' id='word_1_231' title='bbox 2052 1079 2085 1103; x_wconf 85' lang='lat'>15</span> 
     </span>
     <span class='ocr_line' id='line_1_53' title="bbox 1234 1135 2033 1191; baseline -0.003 -13"><span class='ocrx_word' id='word_1_232' title='bbox 1234 1136 1349 1191; x_wconf 89' lang='lat' dir='ltr'>quod</span> <span class='ocrx_word' id='word_1_233' title='bbox 1381 1151 1539 1178; x_wconf 89' lang='lat' dir='ltr'>nomen</span> <span class='ocrx_word' id='word_1_234' title='bbox 1571 1135 1699 1177; x_wconf 88' lang='lat' dir='ltr'>multi</span> <span class='ocrx_word' id='word_1_235' title='bbox 1726 1137 1928 1190; x_wconf 89' lang='lat' dir='ltr'>corrupte</span> <span class='ocrx_word' id='word_1_236' title='bbox 1960 1150 2033 1190; x_wconf 89' lang='lat' dir='ltr'>pa-</span> 
     </span>
     <span class='ocr_line' id='line_1_54' title="bbox 1233 1206 2033 1263; baseline -0.004 -13"><span class='ocrx_word' id='word_1_237' title='bbox 1233 1222 1390 1250; x_wconf 91' lang='lat' dir='ltr'>uonem</span> <span class='ocrx_word' id='word_1_238' title='bbox 1434 1208 1587 1263; x_wconf 89' lang='lat' dir='ltr'>legunt</span> <span class='ocrx_word' id='word_1_239' title='bbox 1636 1207 1716 1249; x_wconf 89' lang='lat' dir='ltr'>sub</span> <span class='ocrx_word' id='word_1_240' title='bbox 1770 1221 1819 1249; x_wconf 92' lang='lat' dir='ltr'>eo</span> <span class='ocrx_word' id='word_1_241' title='bbox 1866 1206 2033 1248; x_wconf 89' lang='lat' dir='ltr'>scilicet</span> 
     </span>
     <span class='ocr_line' id='line_1_55' title="bbox 1232 1278 2032 1334; baseline -0.001 -13"><span class='ocrx_word' id='word_1_242' title='bbox 1232 1280 1353 1322; x_wconf 88' lang='lat' dir='ltr'>nomi</span> <span class='ocrx_word' id='word_1_243' title='bbox 1382 1294 1466 1334; x_wconf 91' lang='lat' dir='ltr'>quo</span> <span class='ocrx_word' id='word_1_244' title='bbox 1494 1282 1538 1321; x_wconf 91' lang='grc'>61</span> <span class='ocrx_word' id='word_1_245' title='bbox 1571 1278 1664 1320; x_wconf 88' lang='lat' dir='ltr'>auis</span> <span class='ocrx_word' id='word_1_246' title='bbox 1698 1281 1899 1321; x_wconf 89' lang='lat' dir='ltr'>censetur</span> <span class='ocrx_word' id='word_1_247' title='bbox 1930 1292 2032 1320; x_wconf 84' lang='lat' dir='ltr'>nam</span> 
     </span>
     <span class='ocr_line' id='line_1_56' title="bbox 1234 1351 1845 1393; baseline -0.002 -1"><span class='ocrx_word' id='word_1_248' title='bbox 1234 1351 1341 1393; x_wconf 86' lang='lat' dir='ltr'>illud</span> <span class='ocrx_word' id='word_1_249' title='bbox 1373 1351 1507 1393; x_wconf 84' lang='lat' dir='ltr'>habet</span> <span class='ocrx_word' id='word_1_250' title='bbox 1540 1367 1601 1393; x_wconf 88' lang='lat' dir='ltr'>.u.</span> <span class='ocrx_word' id='word_1_251' title='bbox 1634 1351 1750 1393; x_wconf 87' lang='lat' dir='ltr'>istud</span> <span class='ocrx_word' id='word_1_252' title='bbox 1784 1351 1845 1392; x_wconf 87' lang='lat' dir='ltr'>.b.</span> 
     </span>
    </p>

    <p class='ocr_par' dir='ltr' id='par_1_17' title="bbox 1176 1422 2033 1550">
     <span class='ocr_line' id='line_1_57' title="bbox 1176 1422 2033 1465; baseline -0.001 0"><span class='ocrx_word' id='word_1_253' title='bbox 1176 1423 1468 1465; x_wconf 77' lang='lat' dir='ltr'>Parasitaster</span> <span class='ocrx_word' id='word_1_254' title='bbox 1519 1422 1828 1465; x_wconf 89' lang='lat' dir='ltr'>diminutiuum</span> <span class='ocrx_word' id='word_1_255' title='bbox 1876 1436 2033 1464; x_wconf 89' lang='lat' dir='ltr'>nomen</span> 
     </span>
     <span class='ocr_line' id='line_1_58' title="bbox 1236 1494 1584 1550; baseline -0.003 -13"><span class='ocrx_word' id='word_1_256' title='bbox 1236 1498 1302 1537; x_wconf 90' lang='lat' dir='ltr'>est</span> <span class='ocrx_word' id='word_1_257' title='bbox 1335 1510 1359 1536; x_wconf 88' lang='lat' dir='ltr'>a</span> <span class='ocrx_word' id='word_1_258' title='bbox 1390 1494 1584 1550; x_wconf 89' lang='lat' dir='ltr'>parasito</span> 
     </span>
    </p>

    <p class='ocr_par' dir='ltr' id='par_1_18' title="bbox 1174 1566 2034 1981">
     <span class='ocr_line' id='line_1_59' title="bbox 1174 1566 2032 1622; baseline 0 -14"><span class='ocrx_word' id='word_1_259' title='bbox 1174 1567 1363 1622; x_wconf 80' lang='lat' dir='ltr'>Pyratae</span> <span class='ocrx_word' id='word_1_260' title='bbox 1386 1570 1489 1608; x_wconf 90' lang='lat' dir='ltr'>sunt</span> <span class='ocrx_word' id='word_1_261' title='bbox 1515 1566 1726 1622; x_wconf 87' lang='lat' dir='ltr'>predones</span> <span class='ocrx_word' id='word_1_262' title='bbox 1748 1566 1958 1608; x_wconf 88' lang='lat' dir='ltr'>maritimi</span> <span class='ocrx_word' id='word_1_263' title='bbox 1978 1567 2032 1608; x_wconf 91' lang='lat' dir='ltr'>ab</span> 
     </span>
     <span class='ocr_line' id='line_1_60' title="bbox 1234 1637 2034 1693; baseline -0.001 -13"><span class='ocrx_word' id='word_1_264' title='bbox 1234 1638 1432 1681; x_wconf 90' lang='lat' dir='ltr'>incendio</span> <span class='ocrx_word' id='word_1_265' title='bbox 1465 1638 1645 1680; x_wconf 86' lang='lat' dir='ltr'>nauium</span> <span class='ocrx_word' id='word_1_266' title='bbox 1677 1637 1782 1679; x_wconf 88' lang='lat' dir='ltr'>dicti</span> <span class='ocrx_word' id='word_1_267' title='bbox 1814 1653 1898 1693; x_wconf 89' lang='lat' dir='ltr'>pyr</span> <span class='ocrx_word' id='word_1_268' title='bbox 1934 1638 2034 1680; x_wconf 89' lang='lat' dir='ltr'>dici-</span> 
     </span>
     <span class='ocr_line' id='line_1_61' title="bbox 1234 1709 2032 1766; baseline 0 -14"><span class='ocrx_word' id='word_1_269' title='bbox 1234 1713 1307 1752; x_wconf 88' lang='lat' dir='ltr'>tur</span> <span class='ocrx_word' id='word_1_270' title='bbox 1346 1710 1461 1766; x_wconf 90' lang='lat' dir='ltr'>ignis</span> <span class='ocrx_word' id='word_1_271' title='bbox 1500 1710 1614 1751; x_wconf 89' lang='lat' dir='ltr'>idem</span> <span class='ocrx_word' id='word_1_272' title='bbox 1653 1712 1697 1751; x_wconf 94' lang='lat' dir='ltr'>et</span> <span class='ocrx_word' id='word_1_273' title='bbox 1736 1709 1880 1752; x_wconf 87' lang='lat' dir='ltr'>cilices</span> <span class='ocrx_word' id='word_1_274' title='bbox 1919 1710 2032 1765; x_wconf 89' lang='lat' dir='ltr'>apud</span> 
     </span>
     <span class='ocr_line' id='line_1_62' title="bbox 1234 1780 2031 1837; baseline 0 -14"><span class='ocrx_word' id='word_1_275' title='bbox 1234 1781 1426 1837; x_wconf 87' lang='lat' dir='ltr'>persium</span> <span class='ocrx_word' id='word_1_276' title='bbox 1475 1783 1687 1824; x_wconf 88' lang='lat' dir='ltr'>uocantur</span> <span class='ocrx_word' id='word_1_277' title='bbox 1728 1780 1942 1824; x_wconf 83' lang='lat' dir='ltr'>iuuenalis</span> <span class='ocrx_word' id='word_1_278' title='bbox 1988 1782 2031 1823; x_wconf 92' lang='lat' dir='ltr'>in</span> 
     </span>
     <span class='ocr_line' id='line_1_63' title="bbox 1234 1852 2033 1909; baseline -0.003 -13"><span class='ocrx_word' id='word_1_279' title='bbox 1234 1853 1366 1896; x_wconf 90' lang='lat' dir='ltr'>tertio</span> <span class='ocrx_word' id='word_1_280' title='bbox 1404 1856 1584 1909; x_wconf 85' lang='lat' dir='ltr'>pyratae</span> <span class='ocrx_word' id='word_1_281' title='bbox 1618 1852 1791 1896; x_wconf 86' lang='lat' dir='ltr'>cilicum</span> <span class='ocrx_word' id='word_1_282' title='bbox 1823 1853 1898 1895; x_wconf 90' lang='lat' dir='ltr'>sed</span> <span class='ocrx_word' id='word_1_283' title='bbox 1930 1853 2033 1909; x_wconf 89' lang='lat' dir='ltr'>quid</span> 
     </span>
     <span class='ocr_line' id='line_1_64' title="bbox 1234 1924 1689 1981; baseline 0 -14"><span class='ocrx_word' id='word_1_284' title='bbox 1234 1925 1486 1981; x_wconf 89' lang='lat' dir='ltr'>dampnatio</span> <span class='ocrx_word' id='word_1_285' title='bbox 1520 1924 1689 1967; x_wconf 88' lang='lat' dir='ltr'>confert</span> 
     </span>
    </p>

    <p class='ocr_par' dir='ltr' id='par_1_19' title="bbox 1174 1997 1747 2053">
     <span class='ocr_line' id='line_1_65' title="bbox 1174 1997 1747 2053; baseline -0.002 -14"><span class='ocrx_word' id='word_1_286' title='bbox 1174 1997 1393 2053; x_wconf 90' lang='lat' dir='ltr'>Philippei</span> <span class='ocrx_word' id='word_1_287' title='bbox 1428 1997 1596 2039; x_wconf 89' lang='lat' dir='ltr'>nummi</span> <span class='ocrx_word' id='word_1_288' title='bbox 1628 1997 1747 2039; x_wconf 91' lang='lat' dir='ltr'>aurei</span> 
     </span>
    </p>

    <p class='ocr_par' dir='ltr' id='par_1_20' title="bbox 1174 2069 1704 2124">
     <span class='ocr_line' id='line_1_66' title="bbox 1174 2069 1704 2124; baseline -0.002 -13"><span class='ocrx_word' id='word_1_289' title='bbox 1174 2069 1328 2112; x_wconf 89' lang='lat' dir='ltr'>Puteal</span> <span class='ocrx_word' id='word_1_290' title='bbox 1362 2069 1483 2111; x_wconf 90' lang='lat' dir='ltr'>sedes</span> <span class='ocrx_word' id='word_1_291' title='bbox 1514 2069 1704 2124; x_wconf 87' lang='lat' dir='ltr'>pretoris</span> 
     </span>
    </p>
   </div>
   <div class='ocr_carea' id='block_1_9' title="bbox 1174 2175 2087 2520">
    <p class='ocr_par' dir='ltr' id='par_1_21' title="bbox 1174 2175 2087 2520">
     <span class='ocr_line' id='line_1_67' title="bbox 1174 2175 2087 2219; baseline -0.002 0"><span class='ocrx_word' id='word_1_292' title='bbox 1174 2176 1345 2219; x_wconf 68' lang='lat' dir='ltr'>Reunia</span> <span class='ocrx_word' id='word_1_293' title='bbox 1376 2179 1444 2219; x_wconf 90' lang='lat' dir='ltr'>est</span> <span class='ocrx_word' id='word_1_294' title='bbox 1476 2176 1627 2218; x_wconf 86' lang='lat' dir='ltr'>effusio</span> <span class='ocrx_word' id='word_1_295' title='bbox 1664 2177 1796 2218; x_wconf 88' lang='lat' dir='ltr'>maris</span> <span class='ocrx_word' id='word_1_296' title='bbox 1829 2175 2032 2219; x_wconf 81' lang='lat' dir='ltr'>uidelicet</span> <span class='ocrx_word' id='word_1_297' title='bbox 2053 2192 2087 2218; x_wconf 83' lang='lat'>20</span> 
     </span>
     <span class='ocr_line' id='line_1_68' title="bbox 1236 2247 2032 2305; baseline 0 -15"><span class='ocrx_word' id='word_1_298' title='bbox 1236 2249 1407 2304; x_wconf 89' lang='lat' dir='ltr'>quando</span> <span class='ocrx_word' id='word_1_299' title='bbox 1429 2248 1562 2290; x_wconf 89' lang='lat' dir='ltr'>maris</span> <span class='ocrx_word' id='word_1_300' title='bbox 1590 2247 1755 2290; x_wconf 89' lang='lat' dir='ltr'>accesio</span> <span class='ocrx_word' id='word_1_301' title='bbox 1776 2247 1894 2290; x_wconf 86' lang='lat' dir='ltr'>foras</span> <span class='ocrx_word' id='word_1_302' title='bbox 1916 2263 2032 2305; x_wconf 91' lang='lat' dir='ltr'>egre-</span> 
     </span>
     <span class='ocr_line' id='line_1_69' title="bbox 1236 2319 2031 2363; baseline 0 -1"><span class='ocrx_word' id='word_1_303' title='bbox 1236 2320 1354 2362; x_wconf 90' lang='lat' dir='ltr'>ditur</span> <span class='ocrx_word' id='word_1_304' title='bbox 1380 2322 1423 2362; x_wconf 93' lang='lat' dir='ltr'>et</span> <span class='ocrx_word' id='word_1_305' title='bbox 1455 2320 1500 2362; x_wconf 90' lang='lat' dir='ltr'>in</span> <span class='ocrx_word' id='word_1_306' title='bbox 1531 2320 1698 2362; x_wconf 87' lang='lat' dir='ltr'>lacunis</span> <span class='ocrx_word' id='word_1_307' title='bbox 1731 2320 1802 2362; x_wconf 91' lang='lat' dir='ltr'>uel</span> <span class='ocrx_word' id='word_1_308' title='bbox 1830 2320 1876 2362; x_wconf 90' lang='lat' dir='ltr'>in</span> <span class='ocrx_word' id='word_1_309' title='bbox 1901 2319 2031 2363; x_wconf 86' lang='lat' dir='ltr'>fossis</span> 
     </span>
     <span class='ocr_line' id='line_1_70' title="bbox 1237 2392 2033 2448; baseline 0.001 -15"><span class='ocrx_word' id='word_1_310' title='bbox 1237 2392 1460 2448; x_wconf 87' lang='lat' dir='ltr'>colligitur</span> <span class='ocrx_word' id='word_1_311' title='bbox 1492 2407 1719 2434; x_wconf 85' lang='lat' dir='ltr'>remanens</span> <span class='ocrx_word' id='word_1_312' title='bbox 1753 2407 1865 2448; x_wconf 89' lang='lat' dir='ltr'>aqua</span> <span class='ocrx_word' id='word_1_313' title='bbox 1896 2392 2033 2434; x_wconf 88' lang='lat' dir='ltr'>ueluti</span> 
     </span>
     <span class='ocr_line' id='line_1_71' title="bbox 1234 2463 1997 2520; baseline 0 -14"><span class='ocrx_word' id='word_1_314' title='bbox 1234 2465 1280 2506; x_wconf 90' lang='lat' dir='ltr'>in</span> <span class='ocrx_word' id='word_1_315' title='bbox 1313 2463 1482 2520; x_wconf 87' lang='lat' dir='ltr'>stagnis</span> <span class='ocrx_word' id='word_1_316' title='bbox 1514 2463 1623 2506; x_wconf 92' lang='lat' dir='ltr'>illud</span> <span class='ocrx_word' id='word_1_317' title='bbox 1656 2464 1815 2507; x_wconf 89' lang='lat' dir='ltr'>dicitur</span> <span class='ocrx_word' id='word_1_318' title='bbox 1848 2478 1997 2506; x_wconf 90' lang='lat' dir='ltr'>reuma</span> 
     </span>
    </p>
   </div>
   <div class='ocr_carea' id='block_1_10' title="bbox 1175 2571 2032 3202">
    <p class='ocr_par' dir='ltr' id='par_1_22' title="bbox 1177 2571 2032 2769">
     <span class='ocr_line' id='line_1_72' title="bbox 1177 2571 2032 2624; baseline -0.002 -9"><span class='ocrx_word' id='word_1_319' title='bbox 1177 2571 1355 2624; x_wconf 66' lang='lat' dir='ltr'>Stroma</span> <span class='ocrx_word' id='word_1_320' title='bbox 1394 2571 1585 2613; x_wconf 87' lang='lat' dir='ltr'>uarietas</span> <span class='ocrx_word' id='word_1_321' title='bbox 1627 2571 1726 2614; x_wconf 90' lang='lat' dir='ltr'>inde</span> <span class='ocrx_word' id='word_1_322' title='bbox 1769 2574 2032 2614; x_wconf 85' lang='lat' dir='ltr'>stromatum</span> 
     </span>
     <span class='ocr_line' id='line_1_73' title="bbox 1234 2643 2032 2686; baseline -0.001 -1"><span class='ocrx_word' id='word_1_323' title='bbox 1234 2643 1347 2686; x_wconf 90' lang='lat' dir='ltr'>liber</span> <span class='ocrx_word' id='word_1_324' title='bbox 1392 2658 1444 2685; x_wconf 87' lang='lat' dir='ltr'>ex</span> <span class='ocrx_word' id='word_1_325' title='bbox 1487 2643 1622 2685; x_wconf 87' lang='lat' dir='ltr'>uariis</span> <span class='ocrx_word' id='word_1_326' title='bbox 1671 2644 1801 2685; x_wconf 89' lang='lat' dir='ltr'>rebus</span> <span class='ocrx_word' id='word_1_327' title='bbox 1851 2645 1926 2684; x_wconf 83' lang='lat' dir='ltr'>aut</span> <span class='ocrx_word' id='word_1_328' title='bbox 1970 2643 2032 2684; x_wconf 87' lang='lat' dir='ltr'>di-</span> 
     </span>
     <span class='ocr_line' id='line_1_74' title="bbox 1235 2714 1986 2769; baseline 0 -13"><span class='ocrx_word' id='word_1_329' title='bbox 1235 2716 1374 2757; x_wconf 86' lang='lat' dir='ltr'>uersis</span> <span class='ocrx_word' id='word_1_330' title='bbox 1407 2714 1660 2756; x_wconf 85' lang='lat' dir='ltr'>auctoribus</span> <span class='ocrx_word' id='word_1_331' title='bbox 1694 2714 1986 2769; x_wconf 87' lang='lat' dir='ltr'>compositum</span> 
     </span>
    </p>

    <p class='ocr_par' dir='ltr' id='par_1_23' title="bbox 1177 2785 2031 2913">
     <span class='ocr_line' id='line_1_75' title="bbox 1177 2785 2031 2829; baseline -0.002 0"><span class='ocrx_word' id='word_1_332' title='bbox 1177 2786 1347 2829; x_wconf 85' lang='lat' dir='ltr'>Scolica</span> <span class='ocrx_word' id='word_1_333' title='bbox 1373 2786 1576 2828; x_wconf 88' lang='lat' dir='ltr'>dicuntur</span> <span class='ocrx_word' id='word_1_334' title='bbox 1597 2801 1750 2828; x_wconf 86' lang='lat' dir='ltr'>causae</span> <span class='ocrx_word' id='word_1_335' title='bbox 1777 2785 2031 2827; x_wconf 84' lang='lat' dir='ltr'>summatim</span> 
     </span>
     <span class='ocr_line' id='line_1_76' title="bbox 1235 2860 1462 2913; baseline 0 -13"><span class='ocrx_word' id='word_1_336' title='bbox 1235 2860 1462 2913; x_wconf 85' lang='lat' dir='ltr'>excerptae</span> 
     </span>
    </p>

    <p class='ocr_par' dir='ltr' id='par_1_24' title="bbox 1175 2928 2032 3129">
     <span class='ocr_line' id='line_1_77' title="bbox 1175 2928 2032 2985; baseline -0.002 -13"><span class='ocrx_word' id='word_1_337' title='bbox 1175 2929 1467 2985; x_wconf 83' lang='lat' dir='ltr'>Silicophanis</span> <span class='ocrx_word' id='word_1_338' title='bbox 1500 2929 1642 2971; x_wconf 87' lang='lat' dir='ltr'>inanis</span> <span class='ocrx_word' id='word_1_339' title='bbox 1676 2929 1807 2971; x_wconf 82' lang='lat' dir='ltr'>dictio</span> <span class='ocrx_word' id='word_1_340' title='bbox 1841 2928 1939 2971; x_wconf 89' lang='lat' dir='ltr'>inde</span> <span class='ocrx_word' id='word_1_341' title='bbox 1971 2928 2032 2971; x_wconf 89' lang='lat' dir='ltr'>di-</span> 
     </span>
     <span class='ocr_line' id='line_1_78' title="bbox 1234 2999 2030 3056; baseline -0.003 -13"><span class='ocrx_word' id='word_1_342' title='bbox 1234 3001 1371 3044; x_wconf 87' lang='lat' dir='ltr'>cimus</span> <span class='ocrx_word' id='word_1_343' title='bbox 1399 3000 1708 3056; x_wconf 86' lang='lat' dir='ltr'>silicophanice</span> <span class='ocrx_word' id='word_1_344' title='bbox 1734 3000 1931 3042; x_wconf 84' lang='lat' dir='ltr'>locutum</span> <span class='ocrx_word' id='word_1_345' title='bbox 1953 2999 2030 3041; x_wconf 86' lang='lat' dir='ltr'>ali-</span> 
     </span>
     <span class='ocr_line' id='line_1_79' title="bbox 1235 3071 1756 3129; baseline -0.006 -13"><span class='ocrx_word' id='word_1_346' title='bbox 1235 3088 1363 3129; x_wconf 90' lang='lat' dir='ltr'>quem</span> <span class='ocrx_word' id='word_1_347' title='bbox 1395 3073 1439 3115; x_wconf 87' lang='lat' dir='ltr'>id</span> <span class='ocrx_word' id='word_1_348' title='bbox 1472 3074 1538 3114; x_wconf 88' lang='lat' dir='ltr'>est</span> <span class='ocrx_word' id='word_1_349' title='bbox 1569 3071 1756 3115; x_wconf 87' lang='lat' dir='ltr'>inaniter</span> 
     </span>
    </p>

    <p class='ocr_par' dir='ltr' id='par_1_25' title="bbox 1176 3145 1637 3202">
     <span class='ocr_line' id='line_1_80' title="bbox 1176 3145 1637 3202; baseline -0.007 -13"><span class='ocrx_word' id='word_1_350' title='bbox 1176 3145 1399 3202; x_wconf 81' lang='lat' dir='ltr'>Sindapila</span> <span class='ocrx_word' id='word_1_351' title='bbox 1430 3145 1637 3188; x_wconf 85' lang='lat' dir='ltr'>feretrum</span> 
     </span>
    </p>
   </div>
  </div>
 </body>
</html>
