2175 3428
191 134 280 176 230

191 244 356 286 Penum
390 240 613 284 cellarium

192 314 453 371 Paganicius
486 314 535 353 ut
568 310 764 354 occultus

193 386 387 428 Phalanx
423 383 574 440 lingua
613 382 898 425 macedonum
937 382 1051 437 quod

251 472 332 500 nos
364 455 583 513 legionem
616 454 886 511 appellamus

193 529 424 573 Phalarica
456 542 592 584 genus
625 526 704 569 teli

158 618 173 643 5
193 600 391 644 Palearia
416 600 552 656 pelles
577 614 659 654 que
685 599 827 641 bubus
855 613 881 641 a
905 602 1052 641 mento

253 673 445 729 pendent
480 668 622 728 (Isdd.)

195 743 394 788 Palearia
418 743 555 800 pelles
576 742 866 798 dependentes
887 757 939 785 ex
958 744 1054 799 gut-

255 820 349 860 tore
381 813 522 872 (Isid.)

195 889 394 933 Palearia
424 887 613 930 latitudo
645 886 827 942 pellium
854 902 878 929 a
907 889 1054 928 mento

257 963 310 1005 ad
348 976 475 1005 crura
512 959 846 1016 dependentium
879 973 1055 1015 genero-

259 1033 403 1076 sitatis
459 1031 505 1074 in
561 1032 705 1074 bubus
758 1031 932 1086 signum
990 1032 1057 1071 est

259 1103 402 1163 (Isid.)

199 1177 397 1220 Palearia
429 1178 581 1232 guttor
608 1191 632 1217 a
657 1173 892 1231 pendentia
923 1173 1057 1215 boum

257 1248 460 1306 uirgilius
481 1250 525 1290 et
545 1262 720 1290 0111111111
738 1249 865 1289 tenus
884 1247 1057 1288 amento

258 1320 451 1378 palearia
481 1320 672 1376 pendent
705 1315 848 1376 (Isid.)

201 1393 406 1436 Paleatus
444 1394 566 1434 ueste
608 1406 695 1434 non
735 1389 916 1434 candida
956 1403 1058 1431 usus

262 1461 404 1522 (Isia.)

149 1553 181 1577 ιο
201 1537 328 1580 Pales
362 1537 440 1578 dea
478 1534 715 1591 postoralis
751 1534 913 1591 pagani
952 1533 1061 1576 dice-

261 1610 368 1652 bant
400 1607 603 1664 uirgilius
629 1610 672 1649 te
706 1621 876 1663 quoque
903 1620 1062 1662 magna

262 1682 383 1738 pales
411 1684 454 1723 et
485 1682 528 1722 te
555 1679 836 1722 memoranda
863 1692 1060 1721 caremus

265 1752 422 1812 (Viry)

204 1825 331 1868 Pales
365 1840 389 1867 a
426 1824 673 1880 pabulando
711 1824 823 1866 unde
863 1826 906 1866 et
943 1822 1063 1879 pasci

266 1894 423 1954 (Viry.)

206 1970 332 2012 Pales
365 1969 477 2011 unde
509 1968 631 2024 palee
661 1968 773 2011 hanc
800 1968 924 2010 deam
951 1981 1062 2009 cere—

266 2056 356 2083 rem
384 2043 427 2083 et
452 2043 623 2082 uestam
650 2042 694 2082 et
720 2040 923 2082 tellurem
956 2039 1065 2081 dice-

266 2113 373 2154 bant
404 2112 566 2169 pagani
604 2112 723 2167 pales
757 2114 904 2154 autem
937 2126 962 2153 a
992 2125 1064 2166 pa-

266 2184 457 2227 bulando
490 2198 648 2240 pecora
680 2183 796 2226 dicta
828 2179 985 2239 (Virga.)

208 2256 408 2298 Paliurus
428 2256 565 2298 herba
585 2255 763 2311 spinosa
780 2254 864 2297 hoc
879 2256 945 2296 est
961 2268 1065 2295 zura

209 2329 410 2370 Paliurus
431 2328 557 2384 spina
575 2341 704 2382 quam
725 2326 896 2382 tugzira
916 2325 1066 2368 dicunt

157 2421 189 2445 15
210 2401 411 2443 Paliurus
442 2400 580 2442 herba
617 2398 792 2454 spinosa
825 2397 963 2440 altero
997 2397 1065 2439 ad-

268 2487 379 2514 unco
413 2471 550 2514 altero
584 2484 788 2512 mucrone
821 2472 964 2512 erecto

210 2544 434 2586 Palmatus
473 2543 695 2586 laureatus
730 2541 800 2584 uel
833 2543 1068 2584 coronatus

650 128 906 164 EXCERPTA
931 127 997 162 EX
1022 126 1166 163 LIBRO
1194 126 1486 162 GLOSSARVM

1088 237 1259 280 Palmes
1297 236 1411 278 letus
1444 235 1549 277 uitis
1587 235 1829 278 braciolum
1861 249 1945 291 quo

1149 324 1232 351 uue
1265 310 1369 351 sunt
1400 307 1631 350 masculini
1663 306 1834 363 generis
1859 305 1946 349 uir-

1151 380 1282 438 gilius
1333 380 1436 422 dum
1487 379 1672 422 selectus
1719 379 1772 421 ad
1822 393 1947 421 aures

1149 453 1316 510 palmes
1353 452 1446 508 agit

1090 526 1263 569 Palmes
1312 538 1413 580 pars
1464 523 1571 566 uitis
1622 525 1690 566 est
1737 523 1816 566 ubi
1864 537 1951 565 uua

1150 597 1346 641 nascitur
1379 596 1504 652 quasi
1535 595 1683 651 palma

1091 669 1263 712 Palmes
1302 667 1348 710 in
1379 667 1546 710 uitibus
1582 667 1706 710 uelut
1735 666 1952 723 principia

1152 740 1429 798 flagellorum
1462 739 1634 796 generis
1671 737 1871 782 feminini
1904 740 1952 780 ut

1151 813 1295 868 palme
1328 811 1512 854 fecunda

1092 884 1326 927 Palumbes
1353 884 1427 939 qui
1459 884 1504 926 in
1531 884 1761 926 arboribus
1787 884 1953 940 degunt
1973 895 2007 920 20

1153 955 1355 1013 uirgilius
1395 970 1523 998 rauce
1565 970 1692 998 rauce
1725 955 1952 1011 palumbes

1154 1028 1367 1084 plaudunt
1400 1027 1528 1069 aliter
1558 1042 1694 1069 unum
1720 1042 1771 1069 ex
1800 1027 1953 1082 peritis

1155 1098 1263 1156 estl)
1296 1099 1448 1155 inquid
1480 1099 1684 1154 palumbe
1720 1097 1878 1157 (Vim.)

1095 1172 1358 1228 Pampinum
1395 1171 1606 1213 feminino
1645 1185 1802 1228 genere
1844 1171 1955 1214 dixit

1156 1259 1284 1288 uarro
1306 1247 1350 1286 et
1375 1243 1482 1286 facit
1503 1258 1730 1299 arumpam
1751 1242 1956 1300 pinorum

1157 1332 1261 1374 ergo
1294 1317 1375 1371 1100
1399 1315 1632 1372 pampinus
1660 1318 1704 1358 et
1730 1330 1853 1358 arum
1883 1330 1953 1371 pa-

1157 1389 1361 1445 pinorum

1098 1461 1287 1504 Pancaia
1312 1461 1407 1516 ipsa
1433 1463 1500 1503 est
1525 1460 1676 1503 arabia
1700 1462 1750 1502 ut
1770 1459 1955 1501 donatus

1098 1532 1376 1576 Pancraciari
1407 1532 1594 1589 flagellis
1622 1534 1699 1574 aut
1727 1531 1957 1574 tormentis

1160 1605 1346 1648 subiecti
1373 1620 1509 1660 aequo
1535 1604 1681 1647 animo
1701 1603 1958 1646 tollerantes

1159 1679 1425 1720 coronantur

1097 1750 1314 1793 Panemos
1352 1748 1672 1805 perintinorum
1708 1747 1860 1804 lingua
1892 1747 1958 1789 de-

1161 1821 1334 1864 cember
1364 1820 1528 1863 mensis
1561 1819 1720 1863 dicitur

1101 1893 1316 1936 Panemos
1355 1892 1639 1935 macedonum
1679 1892 1832 1949 lingua
1868 1906 1959 1947 sep·
1979 1901 2014 1928 25

1162 1965 1331 2007 tember
1363 1965 1523 2007 mensis
1555 1964 1716 2007 dicitur

1103 2036 1370 2093 Pangatorio
1402 2035 1673 2092 plantatorio

1102 2109 1273 2165 Panget
1306 2108 1520 2151 carminat
1551 2108 1621 2150 uel
1653 2107 1862 2163 conponit

1102 2181 1294 2223 Panteus
1346 2180 1450 2223 deus
1497 2179 1571 2236 qui
1621 2180 1666 2222 in
1714 2194 1759 2222 se
1809 2194 1959 2222 omnes

1163 2251 1507 2309 significationes
1545 2251 1678 2294 habet
1716 2251 1841 2308 quasi
1873 2266 1961 2294 om-

1161 2324 1283 2366 nium
1316 2321 1460 2381 deas2)

1103 2395 1220 2452 Pape
1252 2395 1498 2438 interiectio
1528 2398 1595 2437 est
1627 2395 1885 2438 admirantis
1911 2398 1961 2438 ut

1164 2482 1275 2524 pape
1307 2468 1455 2510 uiuere
1488 2482 1577 2510 non
1615 2466 1718 2511 licet
1750 2470 1794 2511 et
1830 2467 1962 2510 forni-

1167 2540 1256 2583 cari
1287 2540 1392 2582 licet
1424 2537 1567 2597 (Isid.)

309 2699 342 2743 1)
375 2698 458 2733 add.
487 2700 571 2733 m.2
603 2698 614 2741 ΙΙ
646 2697 682 2730 21
716 2706 738 2730 a
765 2697 804 2731 in
830 2706 854 2730 u
880 2696 967 2731 m.2
992 2705 1083 2731 corr.
1116 2695 1128 2738 l!

310 2832 340 2864 1.
369 2827 564 2863 cellarium
590 2839 635 2863 ea:
661 2825 897 2862 cellerarium
922 2837 1012 2863 corr.
1033 2827 1044 2871 ss
1065 2828 1096 2860 6.
1123 2826 1277 2872 gutture
1296 2826 1307 2870 ΙΙ
1327 2828 1359 2861 8.
1386 2825 1542 2870 guttura
1567 2836 1612 2860 ex
1637 2826 1768 2870 guttur
1793 2835 1816 2859 a
1841 2835 1933 2861 corr.
1957 2825 1961 2871 Ι

213 2888 378 2933 pendent
403 2900 447 2924 ex·
471 2887 641 2933 pendunt
666 2898 757 2923 corr.
783 2888 795 2931 ΙΙ
823 2890 875 2922 10.
907 2886 1017 2921 deam
1042 2897 1086 2921 ex
1113 2885 1184 2920 dea
1209 2896 1300 2921 corr.
1325 2889 1329 2929 Ι
1352 2894 1528 2919 canemus
1554 2885 1566 2929 ΙΙ
1593 2887 1647 2919 12.
1674 2883 1771 2919 113110
1796 2895 1841 2920 ex
1865 2883 1963 2919 hunc

215 2959 304 2983 corr.
326 2950 337 2992 [Ι
365 2951 418 2983 17.
447 2958 485 2982 se
511 2946 608 2982 letus
634 2958 678 2982 ex
705 2956 742 2981 se
769 2945 890 2982 lectus
916 2957 1006 2982 corr.
1031 2945 1035 2992 Ι
1058 2955 1169 2980 auras
1189 2947 1200 2989 ΙΙ
1228 2949 1282 2980 19.
1309 2943 1440 2979 femini
1462 2946 1466 2988 Ι
1489 2942 1618 2988 palma
1636 2944 1648 2988 ΙΙ
1677 2947 1732 2980 20.
1760 2943 1929 2989 dequunt
1956 2971 1959 2989 ,

216 3008 274 3041 est
299 3020 362 3041 om,
384 3009 395 3052 Η
422 3011 476 3042 21.
505 3017 702 3052 3111111Ρ3111
726 3018 771 3042 m.
789 3010 820 3050 1,
846 3006 1070 3051 harumpam
1096 3017 1140 3040 m.
1157 3008 1177 3040 5
1207 3006 1211 3047 Ι
1239 3005 1278 3039 et
1302 3003 1525 3049 harumpam
1551 3005 1609 3048 (ex
1634 3005 1963 3049 arumpam‘corr.)

217 3065 387 3111 pinorum
407 3069 418 3111 ΙΙ
438 3071 493 3102 22.
521 3065 688 3101 Ρ3110313
713 3078 756 3101 m.
781 3070 813 3111 1,
839 3065 1032 3101 Panchaia
1057 3077 1101 3100 m.
1118 3067 1139 3100 5
1163 3066 1176 3108 ΙΙ
1202 3068 1257 3100 23.
1285 3062 1520 3098 Pancratiari
1543 3066 1547 3107 Ι
1569 3062 1774 3098 tolerantes
1793 3063 1805 3107 ΙΙ
1824 3065 1880 3097 25.
1908 3062 1963 3097 di-

218 3125 314 3160 citur
339 3125 536 3160 december
562 3125 701 3160 mensis
720 3127 732 3170 ΙΙ
752 3128 808 3161 28.
837 3123 1002 3160 omnium
1027 3123 1118 3159 deus
1138 3124 1149 3168 ΙΙ
1170 3127 1225 3159 29.
1252 3122 1431 3159 fornicari
1454 3134 1499 3158 ex
1525 3121 1709 3158 fornicare
1734 3133 1825 3157 corr.
1846 3122 1858 3167 ΙΙ
