2221 3490
928 145 1142 182 GLOSSAE
1171 145 1424 182 SGALIGERI

300 255 462 298 Lustro
496 258 685 312 uagatur

301 326 468 369 Labina
500 328 672 382 lapsum
704 328 893 370 inferens

300 398 500 440 Laberna
525 400 639 442 latro
662 402 737 441 aut
759 399 833 455 qui
858 399 973 441 filios
995 399 1160 440 alienos

361 471 528 513 seducit

302 542 534 585 Lecticalis
569 543 644 598 qui
676 543 862 585 lectulos
895 542 1001 584 facit

265 613 550 656 5Lenociniis
596 614 800 656 donatus:
842 614 1161 669 pronunciabat

361 688 507 728 autem
540 701 638 728 cum
671 685 889 727 suauitate
921 700 1019 727 cum
1044 685 1160 727 16110-

361 756 486 799 ciniis
520 757 641 798 miris

300 827 594 870 Lenocinatur
614 830 733 884 turpi
754 829 1004 871 adulatione
1026 828 1163 870 famu-

360 900 477 942 latur

300 970 441 1013 Licini
474 971 674 1015 lucernae

301 1041 560 1086 Limfaticus
575 1045 845 1100 quodaquam
864 1045 1020 1086 timeat
1035 1060 1163 1100 quem

361 1115 480 1170 greci
511 1115 774 1172 ὑδροφόβον
806 1117 956 1159 dicunt

302 1185 459 1229 Limbo
493 1187 599 1229 alibi
631 1202 711 1242 pro
744 1187 913 1230 inuenit

249 1272 282 1297 10
300 1258 522 1301 Liniarius
555 1259 759 1302 retiarius

301 1329 474 1372 Limina
505 1334 731 1386 portarum
764 1333 860 1374 loca
889 1335 1163 1375 mortuorum

302 1401 476 1444 Liniuia
509 1404 620 1445 retia

303 1473 492 1516 Lusores
524 1474 624 1516 falsi
658 1478 793 1517 testes

301 1544 496 1602 Largens
530 1546 794 1590 domesticus

250 1631 282 1657 15
304 1616 582 1660 Laciniosum
614 1634 859 1674 pannosum
891 1621 1132 1663 laceratum

301 1689 446 1732 Larna
479 1691 694 1732 rasorium

302 1761 563 1804 Latororum
596 1778 731 1819 genus
765 1764 889 1807 nauis
923 1766 996 1807 sed
1029 1766 1161 1808 latro-

364 1833 577 1876 ciniorum

303 1905 554 1948 Lentandus
588 1907 824 1949 flectendus

304 1977 487 2020 Limbus
525 1979 650 2021 nauis
690 1980 877 2035 piratica
909 1980 979 2022 uel
1013 1980 1163 2022 clauus

363 2049 409 2092 in
439 2054 562 2092 ueste
596 2051 717 2107 regia
750 2052 841 2094 siue
874 2052 969 2107 ipsa
1002 2052 1138 2094 uestis

250 2122 517 2164 20Licitat01·
561 2123 777 2180 gladiator
822 2114 1047 2179 apparitor
1094 2139 1159 2166 oc-

364 2194 477 2236 cisor
509 2195 578 2237 cui
611 2197 749 2238 multa
781 2195 914 2239 licent

304 2266 521 2309 Lumbare
555 2267 752 2324 subligar

304 2338 501 2380 Lautitia
532 2354 644 2394 aqua
675 2339 818 2381 farina
850 2355 1084 2395 conspersa

303 2410 443 2452 Licini
488 2411 690 2453 candelae
741 2412 940 2454 lucernae
986 2413 1055 2454 uel
1104 2413 1161 2455 ci-

365 2481 543 2524 cindilia

304 2553 471 2596 Liciani
503 2554 743 2609 prophetae

251 2639 285 2665 25
305 2625 387 2668 Lix
422 2626 530 2682 cinis

305 2697 451 2740 Licius
486 2697 737 2753 negotiator

305 2769 507 2812 Linarius
540 2769 743 2812 retiarius

306 2840 500 2884 Litarius
533 2841 753 2898 gladiator

306 2912 545 2955 Liminium
602 2914 831 2957 seruitium
892 2916 1168 2958 mortiferum

368 2985 604 3041 captiuitas

253 3071 289 3097 30
309 3057 591 3100 Lixabundus
612 3059 809 3102 ambulat
830 3059 903 3115 qui
924 3061 1166 3116 uoluptatis

368 3144 498 3172 causa
531 3129 728 3172 ambulat

1970 146 2055 187 603

1200 254 1307 298 Lixe
1340 270 1501 311 aquum
1529 270 1638 310 quae
1672 270 1749 310 per
1780 254 1943 297 milites
1971 271 2057 297 6111-

1260 327 1414 368 1)1116111
1447 326 1616 381 antiqui
1649 327 1785 368 lixum
1818 327 2019 369 dixerunt

1200 398 1374 454 Lugues
1407 398 1686 454 lugdinenses

1199 469 1364 511 Lurore
1398 470 1542 511 colore
1574 470 1692 511 luteo

1199 540 1389 582 Lubrica
1421 541 1584 582 uallum
1616 541 1704 582 imo
1738 541 1858 584 fossa

1199 611 1323 653 Luna
1343 612 1595 654 semenstris
1622 613 1725 654 luna
1746 613 1875 654 medii
1897 614 2057 655 mensis
2078 625 2111 650 35

1201 683 1391 725 Lactena
1423 684 1629 726 malleum

1201 754 1337 797 Latos
1372 756 1498 797 nauis

1201 826 1371 868 Liciani
1403 827 1642 882 prophetae

1200 898 1346 940 Luitio
1380 899 1486 941 iuris
1519 900 1704 941 uerbum

1199 970 1414 1013 Lunatica
1448 972 1561 1026 quod
1594 971 1646 1013 fit
1678 971 1918 1026 plenilunio

1202 1043 1376 1084 Lintres
1408 1044 1634 1085 nauiculae
1667 1044 1860 1085 modicae
1893 1043 1940 1084 in
1970 1043 2060 1085 nilo

1203 1114 1402 1157 Laberna
1437 1116 1656 1171 gladiator

2079 984 2114 1008 40

1202 1186 1433 1241 Lampium
1466 1187 1685 1242 pulpitum
1718 1188 1970 1244 analogium

1203 1258 1441 1300 Laxamina
1473 1259 1667 1301 habenae

1204 1330 1392 1372 Luecula
1424 1346 1559 1386 parua
1591 1332 1684 1373 lues
2081 1344 2117 1369 45

1203 1402 1552 1458 Linguiscisinus
1592 1404 1755 1445 ferrum
1790 1419 1875 1459 quo
1913 1403 2062 1460 uirgae

1263 1479 1305 1517 et
1336 1475 1516 1518 frutices
1550 1476 1801 1518 reciduntur

1203 1547 1409 1590 Leuisata
1440 1549 1587 1590 tunica
1621 1548 1828 1590 militaris

1203 1619 1440 1662 Licerceris
1474 1620 1670 1663 centurio

1200 1691 1396 1734 Libitina
1427 1693 1538 1735 unde
1572 1692 1733 1734 mortui
1767 1692 1987 1733 tolluntur

1203 1765 1340 1807 Locar
1372 1765 1493 1807 locus
1527 1765 1640 1820 apud
1674 1765 1826 1806 urbem
1860 1779 2028 1806 romam
2079 1775 2114 1799 50

1201 1837 1439 1879 Lubricum
1470 1837 1613 1878 lutum
1647 1851 1743 1878 cum
1778 1837 1926 1879 labina

1203 1908 1440 1950 Liminium
1474 1909 1708 1964 captiuitas

1202 1980 1392 2022 Limulla
1424 1981 1547 2022 larua

1201 2052 1404 2094 Lixiones
1438 2068 1649 2108 aquarum
1682 2052 1920 2107 portitores

1201 2123 1561 2167 Lustramentum
1583 2125 1722 2167 faetor
1742 2126 1874 2179 putor
1896 2123 2060 2165 oletum
2080 2134 2114 2161 55

1261 2196 1520 2238 faetulentia

1206 2341 1408 2383 lllilitaris
1442 2340 1645 2395 opinatus
1679 2340 1703 2382 i.
1738 2342 1863 2382 uetus
1899 2339 2023 2381 miles

1205 2413 1485 2468 Monopticus
1517 2413 1675 2454 mimus
1710 2447 1717 2454 .
1740 2446 1748 2454 .
1770 2446 1777 2454 .

1203 2484 1444 2527 Munitoria
1477 2484 1768 2527 succinctoria

1202 2556 1438 2599 Musiarius
1472 2557 1546 2611 qui
1577 2572 1654 2611 per
1688 2556 1828 2598 musia
1861 2555 2031 2610 quaerit

1202 2628 1527 2671 Matricularius
1559 2643 1724 2683 pauper
1756 2628 1881 2682 inops
2085 2638 2119 2663 60

1203 2700 1321 2742 Maia
1352 2700 1494 2742 media
1527 2699 1742 2741 obstetrix

1204 2772 1461 2814 Mandratur
1493 2771 1727 2813 cauillatur

1208 2843 1399 2886 Manifex
1432 2858 1611 2885 manum
1643 2843 1748 2884 dans

1207 2916 1368 2957 Manna
1400 2914 1613 2970 manipuli

1206 2987 1408 3030 Manuale
1442 2986 1633 3029 orarium
2087 2996 2120 3022 65

1207 3059 1528 3114 Mesopicatum
1561 3057 1750 3100 medium
1782 3057 1977 3113 picatum

1206 3130 1506 3173 Munificentia
1537 3129 1763 3186 publicum
1797 3144 1904 3186 opus
