2221 3490
209 155 294 197 522

209 264 527 320 Emponemata
566 261 769 303 dicuntur
808 274 858 301 ea
889 273 971 314 que
1009 259 1068 300 la-

268 336 372 377 bore
400 332 699 376 contrahentis
726 331 771 374 in
793 345 898 387 agro
920 330 1068 372 melio-

268 409 362 448 rata
395 407 497 448 sunt

208 479 342 521 Elues
369 477 514 533 liquor
536 477 711 532 quidam
735 476 875 531 dequo
903 474 1067 529 aliquid

268 550 430 592 eluitur

209 622 360 664 Eluxit
391 622 559 665 luctum
591 619 794 676 deposuit

208 693 484 737 Enucleatim
518 692 632 735 clare
664 691 894 734 manifeste

173 852 188 876 5
208 838 398 882 Flauum
418 837 602 881 dicimus
624 836 806 878 rubeum
829 835 942 878 sicut
956 835 1071 877 flaua

269 925 386 953 ceres

209 983 242 1025 F
247 983 425 1033 alerarev
446 996 599 1024 ornare

209 1054 399 1097 Flustris
432 1054 559 1096 undis
593 1052 886 1109 crispantibus
919 1051 1046 1094 undis

210 1127 422 1169 Fibrosus
454 1125 564 1168 leuis
599 1126 784 1168 mendax

210 1198 436 1241 Fenicium
468 1197 633 1240 inesaia
668 1196 892 1239 coccinum

157 1283 191 1308 10
209 1270 436 1313 Fribulam
469 1269 760 1326 maginariam
794 1268 1000 1311 caducam

211 1342 451 1399 Friguttire
488 1341 710 1384 subtiliter
742 1339 981 1397 aggannire

211 1414 439 1457 Fornicem
450 1428 599 1456 arcum
608 1412 919 1468 triumphalem
928 1412 1071 1467 platee

211 1487 393 1529 Fertum
420 1500 556 1543 genus
584 1485 707 1540 panis
730 1485 781 1526 ad
810 1484 1072 1527 sacrificium

211 1559 443 1601 Ferculum
480 1556 721 1600 canistrum

160 1643 192 1668 15
212 1631 396 1674 Fercula
427 1630 616 1673 missura

211 1703 389 1745 Flustra
440 1704 542 1744 sunt
597 1703 742 1744 motus
794 1700 928 1742 maris
980 1700 1072 1742 sine

271 1777 532 1830 tempestate
565 1772 819 1816 fluctuantis
855 1773 966 1815 unde
1003 1787 1073 1814 ne-

272 1845 370 1888 uius
404 1847 449 1888 in
480 1846 597 1889 bello
629 1845 839 1901 pontifico
881 1845 943 1887 ait
977 1860 1073 1887 one-

273 1918 385 1973 rarie
428 1920 582 1973 onuste
626 1933 760 1960 naues
807 1917 984 1959 stabant
1028 1917 1073 1958 in

273 1989 437 2032 flustris
471 2005 520 2033 ac
553 1990 590 2033 si
624 1990 787 2032 diceret
819 1989 864 2031 in
896 1989 988 2031 salo

212 2061 398 2105 Foribus
435 2062 552 2117 eneis
584 2061 725 2103 ianuis
760 2061 870 2116 ereis

215 2205 416 2250 Genitale
454 2205 666 2262 originale

216 2278 471 2321 Glomerum
503 2277 686 2333 pallium
719 2276 938 2332 pastorale

161 2364 195 2388 20
217 2350 401 2392 Grumat
435 2349 586 2406 dirigit
619 2351 750 2404 equat

217 2421 374 2464 Galero
408 2422 575 2477 capello

218 2494 510 2550 Gurgustium
543 2492 764 2549 tegurium
793 2492 1006 2534 humilem
1033 2494 1077 2533 et

276 2566 559 2608 tenebrosum

218 2637 371 2680 Grumi
404 2636 563 2679 tumuli

218 2709 389 2752 Gabino
441 2711 547 2765 toga
593 2723 674 2764 que
720 2710 787 2750 est
831 2707 968 2750 uestis
1014 2722 1077 2749 se-

276 2781 450 2824 natoria

163 2865 197 2891 25
219 2853 381 2895 Globat
414 2854 589 2894 aceruat

220 2924 641 2967 Gerontochomium
667 2924 787 2966 locus
814 2922 1077 2965 uenerabilis

278 2996 323 3036 in
355 3010 440 3051 quo
476 3010 688 3051 pauperes
721 2998 765 3037 et
803 2997 984 3050 propter
1005 3008 1078 3035 vse-

279 3070 501 3109 nectutem
531 3067 670 3109 solam
696 3066 858 3108 infirmi
877 3065 1077 3108 homines

282 3141 488 3181 curantur

610 149 868 186 EXCERPTA
893 148 958 183 EX
984 147 1157 184 CODICE
1183 145 1432 182 VATICANO
1460 149 1551 182 1469

1107 256 1243 299 Galea
1275 256 1408 299 cassis

1107 328 1309 372 Gnomon
1340 328 1575 371 umbilicus

1107 401 1348 458 Gurgustia
1380 401 1477 443 loca
1504 399 1737 442 tenebrosa
1765 399 1843 440 ubi
1870 413 1967 441 con-

1165 473 1284 515 uiuia
1310 472 1456 529 turpia
1480 472 1591 514 fiunt
1618 470 1968 513 tabernariorum

1108 545 1297 588 Gareum
1316 545 1498 600 pilleum
1523 543 1745 600 pastorale
1767 543 1817 584 de
1838 542 1967 584 iunco
1988 555 2022 581 30

1166 617 1333 661 factum

1111 689 1482 733 Gnosochomium
1532 688 1655 730 locus
1705 686 1969 729 uenerabilis

1169 763 1215 804 in
1242 776 1325 818 quo
1360 760 1504 817 egroti
1534 759 1734 802 homines
1762 761 1970 802 curantur

1108 906 1269 962 Indiga
1313 919 1540 948 commune
1586 903 1720 945 trium
1764 916 1970 959 generum

1169 981 1235 1021 est
1253 977 1368 1020 idest
1382 977 1564 1033 indigua
1574 975 1687 1016 unde
1704 977 1747 1017 et
1765 977 1971 1016 neutrum

1169 1050 1277 1092 illud
1304 1049 1348 1091 in
1374 1049 1560 1105 prologo
1588 1046 1782 1089 sesebuti
1809 1047 1862 1089 ad
1888 1046 1972 1101 ysi—

1170 1122 1324 1164 dorum
1357 1120 1534 1177 augusti
1567 1119 1672 1162 solis
1700 1118 1883 1161 rutilum
1909 1118 1971 1159 iu-

1170 1194 1249 1236 bar
1281 1193 1431 1250 indiga
1462 1192 1571 1234 lucis

1109 1266 1263 1321 Inceps
1297 1264 1498 1320 deinceps

1111 1337 1418 1381 Incommodus
1452 1335 1623 1379 inutilis

1110 1410 1247 1452 Indiis
1282 1409 1517 1452 mendaciis

1111 1483 1256 1525 Inerta
1288 1481 1430 1523 diuisa

1112 1553 1332 1597 Indefessa
1363 1549 1654 1608 infatigabilis

1112 1626 1312 1668 Inductio
1344 1623 1571 1681 persuasio

1110 1697 1334 1741 Incelebre
1367 1697 1587 1739 desertum

1111 1769 1409 1812 Incomminus
1443 1767 1624 1810 insimul

1110 1843 1320 1885 quentus
1372 1839 1500 1883 multi
1544 1840 1722 1882 iuuenes
1772 1839 1975 1882 dicuntur

1172 1914 1373 1956 iuuentas
1406 1913 1535 1955 unius
1567 1911 1758 1954 hominis
1791 1914 1886 1966 etas
1915 1911 1974 1953 di-

1173 1989 1276 2029 cunt
1315 1988 1463 2028 autem
1501 1987 1628 2041 poete
1661 1984 1841 2026 iuuenta
1877 1983 1974 2039 ipsa

1173 2059 1251 2101 dea
1275 2060 1326 2099 ut
1352 2057 1495 2114 grecie
1519 2057 1670 2099 dicunt
1697 2058 1773 2098 aut
1798 2055 1973 2098 iunonis

1171 2130 1262 2172 filia
1295 2144 1404 2172 uxor
1435 2127 1626 2171 herculis
1660 2142 1773 2183 aqua
1804 2127 1973 2169 iunium

1172 2216 1365 2244 mensem
1396 2199 1663 2256 appellatum
1689 2198 1736 2240 in
1761 2198 1887 2240 libris
1913 2198 1974 2240 fa-

1173 2277 1342 2317 storum
1376 2272 1564 2328 legimus

1113 2345 1288 2388 Incuria
1318 2342 1598 2400 neglegentia

1115 2416 1311 2473 Impubis
1344 2415 1579 2458 inuestitus

1113 2489 1388 2532 Immutilata
1439 2486 1787 2530 incontaminata
1829 2486 1975 2528 incon-

1176 2575 1302 2604 cussa
1336 2558 1403 2617 (ex
1434 2560 1574 2602 -culsa
1606 2556 1729 2615 corr.)

1115 2633 1166 2675 In
1187 2632 1473 2678 consultando
1500 2632 1545 2674 in
1567 2630 1749 2674 consilio
1773 2629 1974 2672 habendo
1994 2640 2028 2666 45

1114 2705 1382 2747 Iacturarius
1418 2704 1491 2759 qui
1524 2703 1776 2758 frequenter
1807 2701 1976 2757 patitur

1176 2775 1216 2834 (i
1262 2791 1308 2819 ex
1354 2792 1376 2818 6
1421 2773 1545 2832 corr.)
1596 2775 1811 2817 iacturam
1860 2773 1975 2815 idest

1175 2849 1381 2890 damnum
1413 2849 1489 2889 aut
1521 2847 1837 2888 mortalitatem

1114 2920 1346 2976 Impendar
1377 2919 1540 2961 moriar

1115 2991 1237 3034 Insul
1268 2991 1423 3033 insulis
1457 2991 1570 3032 sicut
1602 2989 1700 3032 exul
1733 2988 1870 3031 exulis
1904 2988 1973 3030 de·

1177 3063 1364 3105 clinatur
1391 3065 1434 3104 et
1466 3061 1618 3104 consul
1651 3059 1841 3103 consulis

1116 3135 1348 3177 Insolescit
1381 3136 1578 3176 mutatur

1990 1416 2026 1443 35

1992 1778 2027 1804 40
