2221 3490
627 815 650 862 I
703 815 1046 863 EXCERPTA
1084 817 1167 863 EX
1209 816 1461 865 G-LOSSIS
1501 822 1541 864 A
1576 820 1616 865 A

245 919 316 954 Pro
343 919 589 954 fundamento
617 920 674 954 est
700 919 780 953 cod.
809 919 950 954 Cassin.
979 923 1043 954 401
1075 920 1216 954 saeculi
1242 921 1291 956 X:
1317 920 1357 955 in
1384 924 1569 967 apparatu
1597 922 1814 957 adfer-entur
1840 923 2000 957 selectae

372 979 650 1025 discrepantiae
677 979 849 1014 codicum
874 979 995 1015 Vatic.
1025 984 1118 1015 3320
1146 992 1241 1016 saec.
1268 981 1319 1015 lx
1344 982 1395 1026 (a)
1423 982 1461 1016 et
1488 983 1596 1016 1471*
1624 993 1719 1018 saec.
1746 982 1796 1016 IX
1822 984 1876 1028 (b)

245 1087 285 1130 Α
314 1105 338 1131 a
364 1105 448 1131 uox
476 1089 663 1132 dolentis
698 1093 765 1132 est
798 1090 840 1131 id
871 1093 938 1132 est
969 1106 1022 1144 ue
1056 1106 1108 1145 ue

244 1159 566 1203 Abaluearibus
600 1162 883 1216 apresepibus

245 1232 444 1288 Abantee
477 1248 660 1288 uespera
692 1234 909 1275 incidente

248 1305 442 1347 Abantes
483 1304 694 1360 mortuisss
730 1320 839 1360 quos
879 1306 995 1361 greci
1036 1305 1108 1347 ali-

306 1380 459 1419 uantes
494 1376 718 1432 appellant

210 1462 226 1486 5
248 1449 440 1491 Abaenis
475 1449 584 1503 ereis
618 1449 735 1502 eneis

248 1521 440 1563 Abarcet
471 1521 677 1576 prohibet
709 1520 825 1562 uitat

246 1592 491 1635 Abaruncit
524 1593 686 1634 alienat
720 1593 882 1635 auertit

248 1664 514 1720 Abcrepitus
549 1665 724 1721 signum
759 1665 873 1720 quod
909 1681 1005 1707 cum
1039 1682 1109 1721 pa-

308 1752 411 1779 uore
444 1737 634 1779 Solemus
673 1737 820 1779 audire

249 1808 570 1851 Absconditum
604 1809 909 1851 absconditum

197 1895 229 1919 ιο
249 1880 443 1923 Abdecet
476 1896 564 1923 non
597 1881 719 1923 decet

249 1953 411 2007 Abdite
445 1952 626 2009 pecunie
659 1953 773 1994 idest
806 1954 996 2008 reposite

248 2024 440 2067 Abdicat
482 2025 683 2079 repudiat
725 2024 888 2067 alienat
929 2025 1110 2080 expellit

309 2111 384 2138 seu
416 2096 557 2138 filium
591 2112 616 2138 a
649 2111 726 2138 suo
755 2097 989 2139 exheredat
1016 2097 1109 2151 iure

249 2168 432 2210 Abdixit
465 2167 618 2210 abnuit
649 2168 830 2224 negauit

248 2238 457 2297 Abgrego
492 2255 675 2297 segrego

198 2325 230 2351 15
250 2311 426 2354 Abenas
460 2311 702 2354 retinacula
733 2312 1029 2355 iumentorum

251 2384 500 2426 Abineunte
535 2399 641 2426 aeuo
676 2385 926 2439 aprimitate

250 2455 435 2498 Abextis
498 2456 801 2497 intestimonia
865 2456 1109 2499 hostiarum

313 2529 525 2583 aspiciens

255 2599 411 2641 Abices
445 2600 604 2641 lateres
637 2600 707 2641 uel
741 2599 1019 2642 summitates
1053 2601 1109 2642 la-

312 2674 456 2713 terum

254 2743 456 2786 Abiectio
489 2742 702 2799 proiectio
736 2743 982 2799 desperatio

200 2829 234 2853 20
255 2815 445 2857 Abiliter
477 2816 586 2857 bene
620 2815 785 2870 optime

1148 1091 1463 1147 Abiurgastere
1497 1093 1710 1134 disoluere

1071 1205 1077 1209 ,
1148 1164 1361 1204 Abiurate
1394 1163 1545 1206 fraude
1579 1164 1784 1220 subrepte

1148 1234 1323 1277 Ablicet
1356 1236 1528 1278 abdicet
1561 1251 1636 1278 seu
1669 1237 1888 1279 abstrahit

1149 1306 1359 1348 Ablimite
1388 1308 1629 1350 orothesiui
1656 1309 1768 1350 idest
1795 1310 2007 1351 terminus

1150 1378 1354 1420 Ablunda
1385 1380 1530 1434 panici
1557 1383 1600 1422 et
1632 1380 1750 1422 milei
1784 1380 2005 1423 folliculus
2027 1394 2061 1419 25

1148 1449 1358 1506 Abnepus
1391 1454 1623 1494 extraneus

1151 1523 1357 1579 Abnegat
1371 1523 1592 1566 inficiatur
1612 1525 1710 1579 plus
1728 1541 1857 1580 quam
1876 1529 2009 1582 negat

1148 1594 1401 1651 Abnegotio
1436 1596 1605 1652 abnego
1639 1597 1783 1652 sepius

1151 1667 1370 1709 Aboleuat
1403 1668 1575 1710 deleuat

1148 1738 1317 1781 Abilita
1351 1740 1572 1794 sepulture
1606 1742 1800 1795 reposita
2030 1756 2064 1779 30

1148 1810 1320 1853 Aboliti
1384 1811 1501 1853 libiti
1559 1812 1684 1854 obliti
1742 1813 2008 1856 obliuionem

1208 1884 1362 1925 traditi

1149 1954 1348 1997 Abolitio
1382 1971 1449 1997 res
1484 1959 1653 1998 remota
1682 1960 1724 1998 et
1757 1957 1803 1999 in
1836 1958 2009 2000 oblione

1207 2027 1418 2080 perducta

1150 2098 1359 2140 Abolitur
1391 2100 1663 2155 extinguitur

1150 2170 1414 2213 Abouilibus
1445 2174 1607 2227 apoton
1634 2173 2010 2227 probatostasioni

1211 2257 1260 2285 ac
1282 2243 1471 2285 anilibus
1494 2244 1706 2298 pecodum
1728 2245 1923 2287 ablatum
1946 2249 2012 2287 est

1132 2314 1478 2357 ·Ab1·elictoru1n
1500 2317 1717 2371 reliquum
1739 2318 1853 2372 quod
1875 2320 2012 2359 restat
2032 2330 2066 2355 35

1152 2386 1433 2442 Abrepticius
1467 2387 1658 2430 furiosus
1693 2389 1855 2431 ariolus

1154 2457 1428 2514 Abrogantia
1462 2460 1676 2502 detractio

1152 2529 1336 2572 Abscito
1371 2532 1569 2574 absentio

1152 2601 1401 2645 Abseedeto
1433 2604 1586 2659 procul
1619 2608 1713 2646 esto
1748 2605 1912 2646 absiste

1155 2673 1319 2716 Abseto
1353 2675 1482 2731 longe
1516 2676 1705 2718 recedito
2029 2690 2064 2713 40

1152 2744 1332 2788 Absiste
1367 2747 1516 2789 secede
1549 2748 1698 2790 recede

1155 2817 1388 2859 Absistans
1421 2818 1587 2860 distans

353 2974 384 3004 3.
412 2968 563 3003 Abante
587 2969 697 3003 nocte
724 2969 776 3003 ab
802 2971 813 3013 ΙΙ
839 2972 871 3003 4.
900 2967 1087 3004 alibantes
1115 2982 1148 3005 α,
1183 2969 1397 3015 aliquantes
1425 2972 1445 3006 b
1471 2974 1482 3017 ΙΙ
1511 2976 1540 3007 7.
1569 2971 1764 3006 abalienat
1797 2974 1816 3007 b
1842 2975 1853 3018 11
1880 2977 1909 3008 9.
1939 2973 2013 3008 Ab·

257 3028 379 3063 ditum
409 3030 421 3074 Η
454 3032 509 3064 12.
537 3028 775 3063 exhereditat
801 3029 852 3063 ab
884 3030 895 3073 ΙΙ
923 3032 977 3064 17.
1006 3028 1188 3064 intestina
1214 3031 1265 3064 ab
1297 3032 1308 3075 ΙΙ
1340 3034 1396 3065 21.
1425 3030 1630 3066 dissoluere
1657 3034 1708 3067 ab
1741 3034 1752 3076 ΙΙ
1784 3036 1840 3068 24.
1868 3033 2014 3067 orothc-

258 3088 354 3123 sium
381 3101 404 3124 a
435 3090 446 3134 ΙΙ
479 3092 534 3124 30.
563 3087 707 3123 abolita
735 3089 754 3123 b
792 3089 803 3134 ΙΙ
841 3092 896 3123 32.
933 3088 1126 3124 oblibione
1152 3102 1175 3124 a
1212 3091 1224 3135 ΙΙ
1262 3093 1317 3126 34.
1345 3090 1652 3135 probatostasion
1678 3091 1777 3141 idest
1802 3105 1824 3127 α
1860 3092 1864 3139 Ι
1900 3093 2014 3127 cauli—

258 3148 328 3183 bus
355 3161 377 3184 a
399 3150 404 3195 1
429 3147 613 3183 ablatium
641 3149 691 3184 ab
720 3150 732 3193 ΙΙ

1654 3211 1727 3245 28*
