2221 3490
258 150 344 191 566

259 258 493 301 Columbar
526 272 661 313 genus
695 258 858 299 uinculi

260 329 483 372 Golimbus
518 343 627 383 aque
661 329 814 370 ductus

260 400 506 443 Colliridias
540 400 684 442 cibum
713 415 840 456 quem
872 416 952 443 nos
984 403 1114 444 nebu-

317 473 405 513 lam
438 472 619 514 dicimus

215 584 217 587 .
261 545 467 586 Com-atus
502 559 604 587 cura
642 546 692 586 fit
725 559 926 587 comosus
960 549 1116 587 natura

226 627 241 651 5
263 613 440 657 Comedi
479 619 581 657 sunt
615 617 688 671 qui
727 632 939 659 uanorum
977 618 1113 659 homi-

318 701 424 728 num
451 690 549 729 acta
574 691 616 730 et
645 703 812 730 amores
841 689 1116 731 meretricum

321 759 557 800 cantabant

263 828 516 884 Gompotrix
549 831 786 873 consimilis
820 833 938 875 socia

263 900 456 956 Cometie
489 903 732 945 consolaria
762 904 859 959 ipsa
891 907 993 946 sunt
1026 919 1118 946 cen-

322 974 486 1016 turiata
519 975 689 1029 quando
723 976 832 1017 fiunt
865 976 1062 1018 consules

264 1046 453 1089 Comedo
487 1047 687 1102 epulator
719 1047 789 1089 uel
823 1048 940 1089 tinea

265 1118 530 1174 Congessere
562 1117 838 1161 nidificauere

216 1203 247 1226 10
267 1187 526 1231 Contemero
561 1205 790 1246 corrumpo

264 1260 462 1318 Congero
490 1261 585 1319 (ges
607 1276 709 1305 corr.
735 1262 850 1321 onst)
885 1265 958 1319 qui
980 1265 1120 1306 aliena

324 1334 376 1375 ad
411 1348 455 1375 se
486 1337 725 1390 congregat
757 1336 867 1378 unde
908 1337 1021 1392 apud
1055 1352 1119 1378 ro-

324 1420 476 1447 manos
529 1420 735 1462 gerrones
782 1408 972 1449 brutiani
1019 1411 1120 1450 sunt

324 1477 430 1519 dicti

265 1547 542 1591 Concitorem
575 1549 853 1592 incitatorem

266 1619 453 1663 Conchis
499 1624 644 1663 ostrea
689 1622 849 1664 animal
894 1623 938 1664 in
987 1626 1121 1678 ponto

325 1708 410 1749 quo
445 1693 664 1750 tinguitur
695 1709 888 1749 purpura

267 1765 430 1808 Cerarii
463 1766 698 1822 scriptores
731 1767 776 1809 in
806 1781 903 1809 cera
936 1766 1007 1821 (psl.
1028 1768 1122 1809 add.

323 1852 377 1880 m.
396 1836 452 1895 2)

218 1922 247 1945 15
269 1909 520 1965 Conopeum
561 1911 768 1952 basterna
800 1912 869 1953 uel
903 1911 1009 1953 sella
1041 1912 1124 1953 ale—

326 1982 536 2024 xandrina

267 2051 581 2096 Condolomata
614 2055 784 2096 dolores

268 2123 435 2166 Conum
468 2129 563 2167 asta
596 2127 789 2182 cupressi

269 2195 554 2239 Conciliatrix
582 2214 605 2240 a
633 2199 853 2254 flagitiosa
880 2199 1123 2241 consensio—

327 2283 402 2310 nes
436 2269 616 2312 chancct
648 2270 818 2313 leonem

267 2340 669 2397 Constantinopolis
698 2343 791 2384 sola
819 2346 976 2398 equata
1003 2358 1122 2385 rome

327 2413 495 2454 meritis
529 2416 572 2455 et
603 2415 803 2468 potentia

215 2482 439 2526 2000110οε
479 2484 659 2526 subtilia
691 2485 759 2527 uel
794 2487 895 2541 quia
929 2486 1122 2528 comedia

327 2555 503 2610 scripsit

269 2627 450 2669 Cosmus
472 2628 704 2670 calcarium
731 2629 905 2683 feminis
933 2629 1122 2672 romanis

269 2698 428 2741 Cossus
462 2700 622 2742 uermis

269 2769 456 2812 Ghroma
510 2771 628 2813 color
683 2786 841 2814 nomen
898 2773 1120 2828 proprium

326 2857 457 2897 porus

270 2913 475 2955 0100011111
509 2915 671 2956 canalis

219 2998 251 3020 εἰ)
272 2983 424 3026 Clodix
476 2986 599 3040 quasi
651 2987 814 3028 claudis
866 2990 1040 3029 ueteres
1081 2991 1124 3030 et

332 3055 500 3097 clodum
536 3060 578 3098 ct
612 3058 811 3099 claudum
844 3058 1044 3100 dicebant

272 3126 540 3169 (301110010118
580 3129 718 3171 lectus
758 3129 956 3171 cubiculo
997 3132 1124 3184 aptus

671 148 924 183 EXCERPTA
950 149 1012 183 EX
1041 148 1213 185 CODICE
1240 149 1521 186 OASSINENSI
1548 154 1591 184 90

1211 262 1260 300 ut
1312 259 1545 315 caligarius
1597 260 1752 302 artifex
1804 260 2004 317 caligaris

1212 330 1360 373 clauus

1152 401 1460 445 Cucumeraria
1511 416 1605 445 Lxx
1657 418 1887 459 pomorum
1938 419 2006 446 cu-

1213 474 1355 517 stodia

1155 546 1357 589 (fulmina
1390 546 1492 601 quia
1524 547 1692 602 antiqui
1726 548 2010 603 tectagebant

1155 620 1297 673 supas
1337 621 1379 660 et
1419 633 1552 673 cupos
1599 617 1830 675 acapiendo
1876 633 2010 674 aquas

1213 690 1283 731 uel
1335 690 1487 732 uinum
1537 691 1649 746 unde
1701 693 1744 733 et
1795 705 2010 746 caupones

1213 760 1286 818 (91.
1313 762 1406 804 add.
1432 764 1547 818 m.2)

1156 833 1275 876 Culis
1308 833 1505 875 zenzalus
2033 851 2066 875 30

1156 905 1356 948 Cultrum
1389 906 1615 948 cultellum

1157 977 1284 1020 Culix
1316 977 1490 1019 zinzane

1158 1048 1378 1091 Cullectus
1412 1049 1561 1091 tunica
1592 1050 1667 1091 ubi
1707 1050 1921 1092 homicide
1954 1051 2013 1092 in-

1218 1119 1503 1162 eludebantur

1159 1192 1366 1235 C-umiaca
1391 1192 1473 1234 hoc
1496 1194 1562 1234 est
1583 1193 1741 1234 ancilla
1762 1194 1811 1235 de
1833 1194 2013 1236 castello

1219 1264 1486 1319 muriregula
1518 1264 1670 1306 hocest
1709 1265 1866 1307 ancilla
1898 1266 2014 1322 geni-

1218 1335 1338 1377 cialis
1361 1336 1548 1377 tamiaca
1567 1336 1650 1379 hoc
1666 1339 1733 1378 est
1752 1337 2015 1379 cubicularia

1219 1407 1268 1449 de
1301 1407 1577 1462 imperatrice

1160 1479 1327 1522 Cumba
1358 1478 1559 1522 nauicula
1590 1480 1759 1523 modica
2035 1498 2069 1522 35

1161 1550 1347 1594 Oumbre
1382 1551 1510 1593 oleris
1545 1566 1679 1608 genus

1162 1613 1329 1665 00110111
1362 1623 1506 1665 coclea

1162 1694 1556 1750 Cunifericiparissi
1589 1697 1782 1752 cupressi

1162 1765 1291 1821 Curie
1326 1766 1502 1822 seruitie
1536 1768 1597 1810 rei
1630 1769 1800 1824 puplice

1163 1837 1356 1881 Olusiam
1390 1839 1575 1881 tusciam

1163 1909 1374 1966 Clupeum
1401 1911 1476 1952 ubi
1502 1911 1716 1968 imagines
1742 1913 2018 1967 ponebantur

1163 1981 1319 2036 Cruste
1352 1982 1444 2036 plas
1477 1983 1591 2025 idest
1624 1984 1914 2027 marmoribus

2034 1857 2070 1881 40

1161 2124 1275 2167 Dan—1
1330 2139 1489 2167 nomen
1542 2127 1768 2182 proprium
1818 2127 2016 2170 historici

1221 2198 1338 2253 greci

1161 2270 1315 2325 Dapax
1348 2270 1507 2324 loquax
1539 2269 1747 2312 fecundus

1161 2342 1310 2384 Dauus
1345 2356 1475 2383 senex
1513 2341 1740 2384 distinctus
1773 2342 1842 2384 uel
1876 2343 2015 2385 audax
2034 2356 2069 2382 45

1160 2413 1228 2455 Da
1259 2428 1338 2468 pro
1372 2413 1439 2455 dic
1471 2416 1520 2455 ut
1559 2413 1760 2470 uirgilius
1793 2414 1847 2456 da
1884 2414 2017 2470 tityre

1219 2485 1346 2527 nobis

1161 2556 1348 2599 Damoet
1379 2557 1621 2600 theocritus
1655 2558 1699 2599 in
1732 2557 1908 2613 uirgilio

1160 2628 1340 2670 Danunt
1372 2629 1471 2671 dani
1504 2629 1713 2671 dederunt

1160 2700 1460 2742 Decumanum
1487 2715 1618 2743 ouum
1651 2703 1694 2742 et
1726 2701 1884 2743 fluctus
1917 2701 2017 2744 dici·

1221 2787 1317 2814 mus
1340 2772 1441 2827 quia
1461 2786 1631 2827 semper
1652 2772 1866 2814 decimum
1884 2787 2015 2815 ouum

1221 2847 1264 2885 et
1297 2844 1463 2885 decima
1494 2843 1609 2885 unda
1640 2843 1779 2885 maior
1811 2847 1878 2886 est

1162 2915 1413 2957 Decemtres
1445 2929 1578 2957 naues
1612 2917 1736 2970 capte

1162 2986 1406 3042 Degulator
1438 2987 1537 3041 gule
1573 2986 1742 3028 deditus

1161 3057 1389 3113 Deiphobe
1427 3057 1652 3112 proprium
1683 3072 1842 3100 nomen
1873 3057 2016 3112 sibille

1163 3129 1353 3170 Desiduo
1387 3129 1537 3182 diurne

2036 2927 2072 2953 50
