2216 3402
283 148 400 182 XVIII
419 166 432 184 0
1018 145 1291 181 PRAEFATIO

283 256 420 311 igitur
457 256 597 298 medio
639 256 752 310 quod
792 255 950 296 dicitur
988 268 1093 295 aevo
1132 255 1302 296 videtur
1340 254 1559 296 exstitisse
1592 253 1785 296 recensio
1822 254 2020 310 glossa-

282 342 389 367 rum
422 326 796 368 l’lacidearum:
842 339 1020 379 quarum
1066 325 1248 366 alteram
1280 328 1323 366 et
1367 326 1492 367 libri
1537 325 1752 367 Romani
1796 327 1840 366 et
1882 325 2021 366 liber

283 398 575 452 glossarum
622 412 715 439 cum
760 396 932 438 codice
977 394 1217 438 Parisino
1263 399 1564 451 servaverunt,
1608 395 1787 437 alterius
1831 395 2021 437 frustula

282 468 457 509 exhibet
489 469 620 510 codex
654 465 1037 508 Ambrosianus.

400 541 425 590 ξ
461 540 524 581 10.
589 538 766 579 Glossas
804 536 1077 579 Placideas
1115 553 1203 580 non
1243 553 1390 580 omnes
1429 539 1502 580 sed
1536 525 1696 579 multas
1729 539 1922 579 continet
1953 552 2045 579 co--
2077 547 2091 559 ·

281 610 387 651 dicis
421 609 667 651 Vaticani
705 609 814 650 1469
849 608 1020 650 saeculo
1051 608 1091 650 X
1122 608 1310 650 confecti
1342 607 1413 665 (cf.
1447 607 1573 664 Corp.
1602 608 1742 650 Gloss.
1775 608 1857 649 vol.
1882 607 1946 649 IV
1977 622 2018 663 p.

280 680 424 736 XVII)
458 680 720 735 glossarium
754 680 1037 734 septimum¹
1059 694 1085 720 a
1116 679 1188 720 fol.
1226 681 1330 721 162Γ
1362 681 1414 721 ad
1448 681 1556 722 223r
1586 680 1825 734 pertinens:
1857 679 1907 720 de
1935 693 2020 733 quo

281 751 495 806 glossario
529 765 627 792 cum
659 751 808 805 paucis
842 751 1004 806 egerim
1045 749 1134 790 Ind.
1160 750 1246 791 Ien.
1274 765 1308 791 a.
1339 751 1452 793 1886
1485 767 1524 805 p.
1546 750 1600 806 V,
1630 765 1744 792 nunc
1777 749 2020 791 accuratius

281 821 555 862 tractandum
589 824 664 863 est.
727 821 883 863 Insunt
915 822 1084 876 glossae
1117 820 1281 862 Bedae
1315 819 1374 877 (h.
1401 836 1434 862 e.
1461 821 1571 862 liber
1598 822 1648 862 de
1675 819 2020 877 orthographia),

279 907 330 933 ex
363 892 521 933 Paulo
555 893 842 947 epitomatore
882 892 1027 933 Festi
1059 907 1145 933 non
1177 907 1355 946 paucae,
1395 893 1557 934 multae
1592 907 1644 933 ex
1676 891 1880 933 Isidoro
1912 892 2020 946 peti-

279 966 368 1017 tae,
400 964 544 1017 plures
578 979 628 1006 ex
662 963 887 1020 glossariis
913 962 1107 1016 haustae,
1139 963 1183 1004 in
1210 963 1355 1017 eisque
1387 962 1748 1005 Placidearum
1778 977 1880 1016 pars
1904 962 2018 1004 haud

279 1049 379 1075 sane
411 1050 555 1089 parva.
619 1033 699 1083 Qui
728 1033 974 1088 composuit
1001 1033 1273 1089 glossarium,
1306 1049 1397 1075 rem
1429 1034 1492 1075 ita
1522 1034 1734 1087 instituit,
1765 1036 1816 1074 ut
1847 1030 2018 1088 saepius

280 1120 387 1159 quae
428 1121 479 1146 ex
516 1120 601 1147 uno
642 1105 905 1146 exscriberet
942 1104 1061 1146 fonte
1095 1105 1244 1146 eodem
1282 1105 1328 1145 in
1359 1105 1455 1147 loco
1488 1105 1722 1147 collocaret
1747 1104 2018 1161 interpositis

279 1176 463 1232 singulis
509 1176 668 1232 glossis
714 1176 876 1217 alienis.
939 1174 1062 1224 Quod
1106 1176 1169 1216 ita
1213 1191 1256 1217 se
1300 1176 1459 1217 habere
1504 1191 1554 1218 ex
1591 1176 1673 1217 hac
1712 1175 1821 1216 serie
1863 1175 2020 1217 disces:

278 1247 490 1289 Puluinus
520 1251 557 1289 et
578 1248 750 1301 puluini
777 1252 857 1301 qen
889 1247 1116 1289 masculino
1148 1255 1228 1288 nesi
1253 1247 1459 1300 puluinar
1494 1255 1530 1288 et
1554 1247 1807 1300 puluinaria
1836 1247 1906 1288 secl
1921 1246 2017 1299 pul-

280 1320 406 1360 uinus
435 1320 601 1372 priuati
638 1318 816 1360 hominis
850 1319 1026 1360 ceruical
1056 1319 1122 1360 uel
1144 1305 1315 1360 'cultura
1341 1351 1349 1358 .
1382 1317 1594 1359 Puluinar
1624 1332 1720 1360 uero
1751 1332 1800 1359 ac
1821 1318 2019 1372 puluina-

276 1391 345 1430 ria
370 1391 608 1443 principum
639 1393 737 1430 sunt
772 1390 836 1431 uel
873 1404 1012 1443 requm
1039 1423 1047 1430 .
1075 1389 1249 1442 Propter
1274 1390 1361 1431 ideo
1382 1422 1390 1429 .
1412 1388 1727 1443 Promulqatum
1758 1390 1803 1430 in
1834 1389 2020 1430 omnium

276 1461 467 1501 notitiam
504 1464 542 1501 et
581 1461 704 1502 totius
741 1461 858 1513 inilyi
894 1461 1132 1501 intimatum
1168 1453 1412 1501 .'Pronuba
1450 1464 1508 1502 est
1544 1475 1648 1514 quae
1677 1461 1834 1514 nuptiis
1860 1463 2021 1514 praeest

277 1545 427 1584 queque
457 1532 668 1573 nubentem
706 1532 798 1572 uiro
836 1531 1047 1584 coniunqit
1077 1532 1183 1572 dicta
1221 1532 1329 1584 quocl
1357 1532 1600 1573 nubentibus
1626 1535 1788 1584 praeest
1811 1565 1819 1572 .
1846 1532 1953 1573 idem
1983 1535 2021 1572 et

273 1617 383 1656 para
414 1602 585 1656 nimplu‘z
606 1637 613 1644 .
635 1602 862 1644 Pollinctor
887 1603 960 1654 qui
985 1605 1164 1664 mortuos
1189 1603 1328 1655 sepelit
1352 1636 1359 1643 .
1382 1602 1605 1644 Postumus
1635 1604 1786 1644 dicitur
1811 1616 1916 1656 puer
1946 1603 2019 1655 qui

276 1677 435 1714 mortuo
458 1681 578 1726 patre
608 1675 791 1715 nascitur
822 1674 941 1726 quasi
967 1676 1061 1725 post
1089 1673 1258 1714 humum
1283 1675 1422 1726 patris
1454 1674 1556 1715 idest
1577 1673 1831 1726 sepulturam
1855 1676 1980 1714 natus
2006 1706 2014 1714 .

277 1745 459 1787 Ptisana
475 1746 619 1798 pisata
646 1778 654 1785 .
680 1744 1022 1796 Promptuarium
1047 1746 1264 1786 sonantius
1289 1748 1347 1786 cst
1375 1758 1498 1797 quam
1522 1745 1861 1798 promptuarium
1886 1775 1896 1784 .
1922 1745 2018 1785 item

278 1817 422 1858 melius
454 1817 740 1858 sanctuarium
780 1829 906 1868 quam
945 1817 1230 1857 sanctuarium
1257 1849 1264 1857 .
1291 1817 1424 1858 multa
1462 1817 1571 1857 enim
1613 1816 1703 1857 licet
1739 1815 1898 1857 similia
1935 1816 2022 1856 sint

279 1891 413 1929 tamen
446 1875 620 1929 diuersis
650 1888 762 1929 sonis
793 1888 980 1929 eduntur.
1041 1887 1282 1928 Promtaria
1319 1887 1427 1928 cella.
1455 1888 1607 1928 dicitur
1638 1888 1739 1928 idest
1768 1887 1980 1928 cellarium
2006 1918 2016 1928 .

278 1960 384 2000 uncle
415 1959 644 2000 necessaria
674 1961 926 2011 promuntur
962 1959 1064 2000 idest
1097 1958 1362 2010 proferuntur
1389 1991 1396 1998 .
1422 1961 1592 1999 ceterum
1623 1959 1714 2010 ipsa
1745 1961 1876 1999 custos
1905 1957 2016 1999 bene-

278 2031 428 2071 dicitur
449 2030 686 2083 promtaria
717 2030 912 2082 qrwmodo
937 2029 1105 2070 cellaria
1131 2062 1139 2069 .
1165 2042 1248 2070 non
1275 2032 1407 2069 tamen
1426 2029 1692 2082 promtuaria
1716 2028 1780 2070 uel
1805 2028 2014 2069 celluaria.

277 2100 414 2142 Ptisso
452 2101 576 2142 tundo
613 2099 684 2141 hoc
721 2103 779 2141 est
809 2101 920 2152 pisto
946 2132 955 2140 .
988 2099 1180 2152 Piqnora
1213 2099 1394 2152 filiorum
1431 2102 1528 2140 sunt
1563 2099 1628 2140 uel
1659 2098 1880 2150 affectuum
1911 2100 2017 2140 inter

276 2185 316 2212 se
343 2205 350 2211 .
382 2172 565 2224 Plynera
596 2186 670 2224 que
700 2171 1149 2226 creditoribusdantur
1174 2202 1183 2210 .
1209 2171 1279 2211 sed
1307 2169 1404 2211 haec
1433 2173 1604 2222 utraque
1634 2170 1849 2222 confundit
1877 2173 2012 2212 aucto-

277 2244 379 2284 ritas
411 2244 589 2284 lectionis
615 2276 621 2282 .
651 2242 840 2284 Panchia
872 2242 1064 2283 adiacens
1095 2242 1238 2283 (lomus
1264 2274 1271 2281 .
1305 2242 1409 2282 idest
1436 2242 1614 2294 quinque
1638 2241 1852 2283 uolumina
1882 2241 2012 2294 moysi

276 2315 382 2354 unde
412 2314 613 2366 apostolus
644 2315 706 2354 ait
735 2314 910 2366 quinque
940 2312 1064 2352 uerba
1093 2325 1134 2353 se
1165 2312 1265 2353 uelle
1296 2312 1342 2352 in
1378 2312 1540 2353 eeclesia
1572 2312 1681 2365 loqui
1707 2344 1715 2351 .
1743 2311 2013 2353 Plumarium

276 2385 483 2426 clamatum
512 2418 519 2424 .
548 2385 851 2437 Paruipenclerc
881 2386 938 2425 est
972 2385 1196 2435 contemptu
1227 2383 1361 2423 animi
1391 2382 1523 2435 aliqui
1553 2396 1750 2435 maqnum
1780 2382 1976 2435 despicere
2003 2413 2012 2422 .

271 2457 447 2509 pendere
484 2457 591 2496 enim
628 2456 816 2495 estimare
852 2457 909 2495 est
940 2487 947 2494 .
985 2453 1116 2506 Puqio
1148 2453 1314 2506 qladius
1351 2453 1597 2494 inanitatis.
1626 2452 1862 2494 Paraclitus
1891 2466 1968 2505 per
1999 2453 2015 2493 i

277 2527 391 2567 uenit
410 2540 454 2569 ,a
485 2526 708 2578 paraclisis
748 2526 850 2566 idest
884 2525 1097 2566 aduocatio
1133 2525 1220 2565 siue
1256 2524 1475 2565 consolatio
1503 2556 1511 2564 .
1538 2524 1728 2565 Preterea
1760 2526 1853 2576 post
1881 2522 2010 2564 haec.

279 2597 409 2638 Porro
442 2596 680 2637 adoret-bium
712 2600 766 2636 est
800 2596 989 2648 temporis
1021 2628 1028 2634 .
1063 2594 1203 2647 Payus
1233 2595 1432 2647 possessio
1464 2598 1522 2636 est
1550 2595 1692 2648 ampla
1722 2595 1792 2636 sed
1820 2595 1908 2636 sine
1937 2594 2013 2635 ali-

278 2681 355 2720 quo
387 2669 476 2708 iure
503 2700 510 2708 .
537 2668 642 2707 unde
673 2669 709 2707 et
730 2679 920 2719 payanos
951 2667 1123 2707 dicimus
1155 2666 1309 2707 alienos
1333 2679 1360 2706 a
1384 2666 1475 2707 iure
1498 2667 1563 2708 uel
1593 2667 1722 2708 sacris
1751 2665 1977 2706 constitutis
2003 2697 2011 2705 .

280 2738 546 2791 Propositum
584 2738 816 2778 institutum
849 2770 856 2776 .
890 2736 1059 2777 Phisiea
1093 2741 1146 2789 φῖ
1182 2737 1285 2778 idest
1322 2737 1538 2778 naturalia
1570 2769 1577 2777 .
1604 2736 1740 2790 phisis
1769 2736 1877 2778 enim
1904 2748 2016 2789 yrece

278 2813 431 2849 natura
465 2809 615 2849 dicitur
648 2841 655 2847 .
689 2807 868 2860 Prcsaqo
891 2820 1092 2860 presaqas
1123 2820 1344 2861 presaqarc
1368 2798 1532 2860 primae
1562 2809 1707 2864 coniuq
1733 2840 1741 2847 .
1769 2805 2015 2860 Praesayire

279 2880 379 2920 idest
415 2880 562 2930 futura
602 2880 730 2920 dicere
770 2879 909 2918 tertiae
948 2878 1245 2930 coniuqationis
1278 2878 1534 2931 productae.
1564 2877 1788 2930 Propatulo
1812 2875 2012 2930 publico.

281 2950 471 2998 Quarum
505 2950 749 3003 glossarum
786 2948 914 3003 longe
948 2948 1179 2989 maximam
1218 2951 1387 3002 partem
1421 2948 1630 2989 Placido
1663 2947 1915 2989 adscribunt
1947 2947 2013 2987 vel

279 3020 482 3061 codices
515 3019 733 3060 Romani
768 3034 865 3061 cum
899 3019 1035 3060 libro
1069 3018 1360 3073 glossarum
1393 3022 1437 3060 et
1469 3018 1642 3060 codice
1674 3017 1912 3059 Parisino
1945 3017 2011 3058 vel

279 3091 412 3132 liber
444 3092 732 3145 glossarum
767 3105 863 3131 cum
897 3090 1069 3131 codice
1101 3088 1355 3130 Parisino:
1387 3090 1558 3144 glossae
1591 3088 1761 3129 aliunde
1794 3087 2021 3128 immissae
