<?xml version="1.0" encoding="UTF-8"?>
<!DOCTYPE html PUBLIC "-//W3C//DTD XHTML 1.0 Transitional//EN"
    "http://www.w3.org/TR/xhtml1/DTD/xhtml1-transitional.dtd">
<html xmlns="http://www.w3.org/1999/xhtml" xml:lang="en" lang="en">
 <head>
  <title>
</title>
<meta http-equiv="Content-Type" content="text/html;charset=utf-8" />
  <meta name='ocr-system' content='tesseract 3.04.00' />
  <meta name='ocr-capabilities' content='ocr_page ocr_carea ocr_par ocr_line ocrx_word'/>
</head>
<body>
  <div class='ocr_page' id='page_1' title='image "./corpusglossarior05linduoft/corpusglossarior05linduoft_0624.png"; bbox 0 0 2221 3490; ppageno 0'>
   <div class='ocr_carea' id='block_1_1' title="bbox 246 193 330 235">
    <p class='ocr_par' dir='ltr' id='par_1_1' title="bbox 246 193 330 235">
     <span class='ocr_line' id='line_1_1' title="bbox 246 193 330 235; baseline -0.024 0"><span class='ocrx_word' id='word_1_1' title='bbox 246 193 330 235; x_wconf 81' lang='lat'><strong>582</strong></span> 
     </span>
    </p>
   </div>
   <div class='ocr_carea' id='block_1_2' title="bbox 202 296 1114 2142">
    <p class='ocr_par' dir='ltr' id='par_1_2' title="bbox 202 296 1114 2142">
     <span class='ocr_line' id='line_1_2' title="bbox 306 296 1099 354; baseline -0.01 -11"><span class='ocrx_word' id='word_1_2' title='bbox 306 302 452 343; x_wconf 88' lang='lat' dir='ltr'><strong>duitur</strong></span> <span class='ocrx_word' id='word_1_3' title='bbox 489 298 671 354; x_wconf 82' lang='lat' dir='ltr'><strong>pallium</strong></span> <span class='ocrx_word' id='word_1_4' title='bbox 708 296 922 339; x_wconf 86' lang='lat' dir='ltr'>nobilium</span> <span class='ocrx_word' id='word_1_5' title='bbox 961 310 1099 337; x_wconf 87' lang='lat' dir='ltr'><strong>roma-</strong></span> 
     </span>
     <span class='ocr_line' id='line_1_3' title="bbox 305 365 1099 422; baseline -0.008 -8"><span class='ocrx_word' id='word_1_6' title='bbox 305 386 458 414; x_wconf 88' lang='lat' dir='ltr'><strong>norum</strong></span> <span class='ocrx_word' id='word_1_7' title='bbox 479 369 548 412; x_wconf 89' lang='lat' dir='ltr'><strong>uel</strong></span> <span class='ocrx_word' id='word_1_8' title='bbox 569 382 727 410; x_wconf 88' lang='lat' dir='ltr'><strong>nomen</strong></span> <span class='ocrx_word' id='word_1_9' title='bbox 747 367 882 409; x_wconf 87' lang='lat' dir='ltr'><strong>uestis</strong></span> <span class='ocrx_word' id='word_1_10' title='bbox 904 365 1099 422; x_wconf 86' lang='lat' dir='ltr'>superior</span> 
     </span>
     <span class='ocr_line' id='line_1_4' title="bbox 247 439 923 495; baseline -0.007 -10"><span class='ocrx_word' id='word_1_11' title='bbox 247 443 528 485; x_wconf 86' lang='lat' dir='ltr'><strong>Tonditantes</strong></span> <span class='ocrx_word' id='word_1_12' title='bbox 561 454 661 495; x_wconf 70' lang='lat' dir='ltr'><strong>sepe</strong></span> <span class='ocrx_word' id='word_1_13' title='bbox 694 439 923 481; x_wconf 86' lang='lat' dir='ltr'><strong>tondentes</strong></span> 
     </span>
     <span class='ocr_line' id='line_1_5' title="bbox 247 511 626 568; baseline -0.013 -11"><span class='ocrx_word' id='word_1_14' title='bbox 247 514 421 556; x_wconf 89' lang='lat' dir='ltr'><strong>Tondeo</strong></span> <span class='ocrx_word' id='word_1_15' title='bbox 454 511 626 568; x_wconf 82' lang='lat' dir='ltr'><strong>fiagello</strong></span> 
     </span>
     <span class='ocr_line' id='line_1_6' title="bbox 247 583 659 628; baseline -0.01 0"><span class='ocrx_word' id='word_1_16' title='bbox 247 585 467 628; x_wconf 86' lang='lat' dir='ltr'><strong>Torrescit</strong></span> <span class='ocrx_word' id='word_1_17' title='bbox 501 583 659 625; x_wconf 88' lang='lat' dir='ltr'><strong>arescit</strong></span> 
     </span>
     <span class='ocr_line' id='line_1_7' title="bbox 250 655 723 699; baseline -0.006 0"><span class='ocrx_word' id='word_1_18' title='bbox 250 657 379 699; x_wconf 85' lang='lat' dir='ltr'><strong>Toral</strong></span> <span class='ocrx_word' id='word_1_19' title='bbox 412 655 723 697; x_wconf 88' lang='lat' dir='ltr'><strong>uestimentum</strong></span> 
     </span>
     <span class='ocr_line' id='line_1_8' title="bbox 215 725 705 770; baseline -0.006 0"><span class='ocrx_word' id='word_1_20' title='bbox 215 742 230 765; x_wconf 81' lang='lat'>5</span> <span class='ocrx_word' id='word_1_21' title='bbox 251 728 465 770; x_wconf 86' lang='lat' dir='ltr'><strong>Torbidus</strong></span> <span class='ocrx_word' id='word_1_22' title='bbox 497 725 705 769; x_wconf 89' lang='lat' dir='ltr'><strong>terribilis</strong></span> 
     </span>
     <span class='ocr_line' id='line_1_9' title="bbox 248 799 424 841; baseline -0.006 0"><span class='ocrx_word' id='word_1_23' title='bbox 248 799 424 841; x_wconf 88' lang='lat' dir='ltr'><strong>Toritor</strong></span> 
     </span>
     <span class='ocr_line' id='line_1_10' title="bbox 249 868 836 925; baseline -0.003 -13"><span class='ocrx_word' id='word_1_24' title='bbox 249 870 406 912; x_wconf 88' lang='lat' dir='ltr'><strong>Tublia</strong></span> <span class='ocrx_word' id='word_1_25' title='bbox 439 870 579 911; x_wconf 87' lang='lat' dir='ltr'><strong>media</strong></span> <span class='ocrx_word' id='word_1_26' title='bbox 611 870 681 912; x_wconf 92' lang='lat' dir='ltr'><strong>uel</strong></span> <span class='ocrx_word' id='word_1_27' title='bbox 714 868 836 925; x_wconf 84' lang='lat' dir='ltr'><strong>regia</strong></span> 
     </span>
     <span class='ocr_line' id='line_1_11' title="bbox 250 937 1104 997; baseline -0.006 -14"><span class='ocrx_word' id='word_1_28' title='bbox 250 942 489 997; x_wconf 83' lang='lat' dir='ltr'><strong>Tugurium</strong></span> <span class='ocrx_word' id='word_1_29' title='bbox 519 941 665 983; x_wconf 88' lang='lat' dir='ltr'><strong>casula</strong></span> <span class='ocrx_word' id='word_1_30' title='bbox 692 955 773 995; x_wconf 91' lang='lat' dir='ltr'><strong>que</strong></span> <span class='ocrx_word' id='word_1_31' title='bbox 801 954 824 981; x_wconf 91' lang='lat' dir='ltr'><strong>a</strong></span> <span class='ocrx_word' id='word_1_32' title='bbox 852 937 1104 980; x_wconf 73' lang='lat' dir='ltr'><strong>custodibus</strong></span> 
     </span>
     <span class='ocr_line' id='line_1_12' title="bbox 310 1011 859 1067; baseline -0.005 -12"><span class='ocrx_word' id='word_1_33' title='bbox 310 1014 535 1055; x_wconf 90' lang='lat' dir='ltr'><strong>uinearum</strong></span> <span class='ocrx_word' id='word_1_34' title='bbox 566 1013 616 1054; x_wconf 91' lang='lat' dir='ltr'><strong>fit</strong></span> <span class='ocrx_word' id='word_1_35' title='bbox 650 1011 859 1067; x_wconf 82' lang='lat' dir='ltr'><strong>ategendo</strong></span> 
     </span>
     <span class='ocr_line' id='line_1_13' title="bbox 251 1082 1105 1141; baseline -0.006 -14"><span class='ocrx_word' id='word_1_36' title='bbox 251 1085 490 1141; x_wconf 85' lang='lat' dir='ltr'><strong>Tugurium</strong></span> <span class='ocrx_word' id='word_1_37' title='bbox 523 1083 762 1139; x_wconf 84' lang='lat' dir='ltr'><strong>hospitium</strong></span> <span class='ocrx_word' id='word_1_38' title='bbox 795 1082 1011 1124; x_wconf 86' lang='lat' dir='ltr'><strong>modicum</strong></span> <span class='ocrx_word' id='word_1_39' title='bbox 1041 1095 1105 1123; x_wconf 89' lang='lat' dir='ltr'><strong>ca-</strong></span> 
     </span>
     <span class='ocr_line' id='line_1_14' title="bbox 312 1157 399 1198; baseline 0 0"><span class='ocrx_word' id='word_1_40' title='bbox 312 1157 399 1198; x_wconf 89' lang='lat' dir='ltr'><strong>teia</strong></span> 
     </span>
     <span class='ocr_line' id='line_1_15' title="bbox 202 1223 1106 1280; baseline -0.006 -10"><span class='ocrx_word' id='word_1_41' title='bbox 202 1242 233 1267; x_wconf 85' lang='lat'><strong>10</strong></span> <span class='ocrx_word' id='word_1_42' title='bbox 252 1228 398 1270; x_wconf 89' lang='lat' dir='ltr'><strong>Turbo</strong></span> <span class='ocrx_word' id='word_1_43' title='bbox 439 1226 638 1269; x_wconf 85' lang='lat' dir='ltr'><strong>turbonis</strong></span> <span class='ocrx_word' id='word_1_44' title='bbox 679 1240 838 1267; x_wconf 90' lang='lat' dir='ltr'><strong>nomen</strong></span> <span class='ocrx_word' id='word_1_45' title='bbox 880 1223 1106 1280; x_wconf 89' lang='lat' dir='ltr'><strong>proprium</strong></span> 
     </span>
     <span class='ocr_line' id='line_1_16' title="bbox 313 1299 568 1356; baseline -0.004 -15"><span class='ocrx_word' id='word_1_46' title='bbox 313 1299 568 1356; x_wconf 83' lang='lat' dir='ltr'><strong>gladiatoris</strong></span> 
     </span>
     <span class='ocr_line' id='line_1_17' title="bbox 253 1369 1108 1424; baseline -0.006 -11"><span class='ocrx_word' id='word_1_47' title='bbox 253 1371 398 1413; x_wconf 87' lang='lat' dir='ltr'><strong>Turbo</strong></span> <span class='ocrx_word' id='word_1_48' title='bbox 419 1370 606 1412; x_wconf 74' lang='lat' dir='ltr'><strong>turbinis</strong></span> <span class='ocrx_word' id='word_1_49' title='bbox 624 1369 794 1424; x_wconf 82' lang='lat' dir='ltr'><strong>uertigo</strong></span> <span class='ocrx_word' id='word_1_50' title='bbox 810 1369 1047 1423; x_wconf 73' lang='lat' dir='ltr'><strong>tempestas</strong></span> <span class='ocrx_word' id='word_1_51' title='bbox 1065 1369 1108 1408; x_wconf 90' lang='lat' dir='ltr'><strong>et</strong></span> 
     </span>
     <span class='ocr_line' id='line_1_18' title="bbox 313 1441 1108 1498; baseline -0.008 -13"><span class='ocrx_word' id='word_1_52' title='bbox 313 1444 500 1498; x_wconf 88' lang='lat' dir='ltr'><strong>impetus</strong></span> <span class='ocrx_word' id='word_1_53' title='bbox 533 1441 653 1484; x_wconf 89' lang='lat' dir='ltr'><strong>uenti</strong></span> <span class='ocrx_word' id='word_1_54' title='bbox 680 1443 722 1482; x_wconf 86' lang='lat' dir='ltr'><strong>et</strong></span> <span class='ocrx_word' id='word_1_55' title='bbox 752 1443 849 1482; x_wconf 86' lang='lat' dir='ltr'><strong>rota</strong></span> <span class='ocrx_word' id='word_1_56' title='bbox 876 1442 1108 1482; x_wconf 88' lang='lat' dir='ltr'><strong>uentorum</strong></span> 
     </span>
     <span class='ocr_line' id='line_1_19' title="bbox 256 1511 1109 1568; baseline -0.007 -11"><span class='ocrx_word' id='word_1_57' title='bbox 256 1515 426 1557; x_wconf 88' lang='lat' dir='ltr'><strong>Turnus</strong></span> <span class='ocrx_word' id='word_1_58' title='bbox 458 1528 615 1556; x_wconf 88' lang='lat' dir='ltr'><strong>nomen</strong></span> <span class='ocrx_word' id='word_1_59' title='bbox 647 1512 763 1568; x_wconf 82' lang='lat' dir='ltr'><strong>regis</strong></span> <span class='ocrx_word' id='word_1_60' title='bbox 793 1511 1039 1554; x_wconf 87' lang='lat' dir='ltr'><strong>rutulorum</strong></span> <span class='ocrx_word' id='word_1_61' title='bbox 1066 1512 1109 1551; x_wconf 92' lang='lat' dir='ltr'><strong>et</strong></span> 
     </span>
     <span class='ocr_line' id='line_1_20' title="bbox 314 1581 1109 1641; baseline -0.006 -13"><span class='ocrx_word' id='word_1_62' title='bbox 314 1600 473 1628; x_wconf 89' lang='lat' dir='ltr'><strong>nomen</strong></span> <span class='ocrx_word' id='word_1_63' title='bbox 503 1584 636 1641; x_wconf 91' lang='lat' dir='ltr'><strong>piscis</strong></span> <span class='ocrx_word' id='word_1_64' title='bbox 667 1583 877 1640; x_wconf 89' lang='lat' dir='ltr'><strong>palustris</strong></span> <span class='ocrx_word' id='word_1_65' title='bbox 911 1585 955 1624; x_wconf 91' lang='lat' dir='ltr'><strong>et</strong></span> <span class='ocrx_word' id='word_1_66' title='bbox 987 1581 1109 1624; x_wconf 90' lang='lat' dir='ltr'><strong>fluuii</strong></span> 
     </span>
     <span class='ocr_line' id='line_1_21' title="bbox 255 1655 665 1713; baseline -0.01 -13"><span class='ocrx_word' id='word_1_67' title='bbox 255 1657 467 1713; x_wconf 84' lang='lat' dir='ltr'><strong>Turpauit</strong></span> <span class='ocrx_word' id='word_1_68' title='bbox 499 1655 665 1711; x_wconf 70' lang='lat' dir='ltr'><strong>sedauit</strong></span> 
     </span>
     <span class='ocr_line' id='line_1_22' title="bbox 256 1726 827 1772; baseline -0.007 0"><span class='ocrx_word' id='word_1_69' title='bbox 256 1728 497 1772; x_wconf 87' lang='lat' dir='ltr'><strong>Tutarchus</strong></span> <span class='ocrx_word' id='word_1_70' title='bbox 530 1729 672 1769; x_wconf 87' lang='lat' dir='ltr'><strong>rector</strong></span> <span class='ocrx_word' id='word_1_71' title='bbox 702 1726 827 1768; x_wconf 88' lang='lat' dir='ltr'><strong>nauis</strong></span> 
     </span>
     <span class='ocr_line' id='line_1_23' title="bbox 206 1796 1113 1855; baseline -0.006 -12"><span class='ocrx_word' id='word_1_72' title='bbox 206 1814 237 1839; x_wconf 84' lang='lat'><strong>15</strong></span> <span class='ocrx_word' id='word_1_73' title='bbox 257 1801 407 1843; x_wconf 90' lang='lat' dir='ltr'><strong>Trulla</strong></span> <span class='ocrx_word' id='word_1_74' title='bbox 452 1799 566 1855; x_wconf 89' lang='lat' dir='ltr'><strong>quod</strong></span> <span class='ocrx_word' id='word_1_75' title='bbox 612 1799 761 1841; x_wconf 89' lang='lat' dir='ltr'><strong>trudat</strong></span> <span class='ocrx_word' id='word_1_76' title='bbox 811 1798 923 1840; x_wconf 89' lang='lat' dir='ltr'><strong>idest</strong></span> <span class='ocrx_word' id='word_1_77' title='bbox 968 1796 1113 1840; x_wconf 88' lang='lat' dir='ltr'><strong>eludat</strong></span> 
     </span>
     <span class='ocr_line' id='line_1_24' title="bbox 318 1870 802 1926; baseline -0.008 -11"><span class='ocrx_word' id='word_1_78' title='bbox 318 1873 406 1915; x_wconf 87' lang='lat' dir='ltr'><strong>cale</strong></span> <span class='ocrx_word' id='word_1_79' title='bbox 438 1871 604 1914; x_wconf 90' lang='lat' dir='ltr'><strong>uelluto</strong></span> <span class='ocrx_word' id='word_1_80' title='bbox 637 1870 802 1926; x_wconf 87' lang='lat' dir='ltr'><strong>lapides</strong></span> 
     </span>
     <span class='ocr_line' id='line_1_25' title="bbox 258 1943 815 1986; baseline -0.004 0"><span class='ocrx_word' id='word_1_81' title='bbox 258 1944 512 1986; x_wconf 83' lang='lat' dir='ltr'><strong>Trutinator</strong></span> <span class='ocrx_word' id='word_1_82' title='bbox 545 1943 815 1985; x_wconf 84' lang='lat' dir='ltr'><strong>examinator</strong></span> 
     </span>
     <span class='ocr_line' id='line_1_26' title="bbox 259 2013 1114 2069; baseline -0.004 -11"><span class='ocrx_word' id='word_1_83' title='bbox 259 2015 448 2058; x_wconf 86' lang='lat' dir='ltr'><strong>Trubuci</strong></span> <span class='ocrx_word' id='word_1_84' title='bbox 487 2014 592 2057; x_wconf 89' lang='lat' dir='ltr'><strong>dicti</strong></span> <span class='ocrx_word' id='word_1_85' title='bbox 625 2014 740 2069; x_wconf 90' lang='lat' dir='ltr'><strong>quod</strong></span> <span class='ocrx_word' id='word_1_86' title='bbox 779 2013 911 2056; x_wconf 83' lang='lat' dir='ltr'><strong>tibias</strong></span> <span class='ocrx_word' id='word_1_87' title='bbox 943 2013 1114 2056; x_wconf 86' lang='lat' dir='ltr'><strong>bracas-</strong></span> 
     </span>
     <span class='ocr_line' id='line_1_27' title="bbox 319 2088 585 2142; baseline -0.011 -12"><span class='ocrx_word' id='word_1_88' title='bbox 319 2101 400 2142; x_wconf 88' lang='lat' dir='ltr'><strong>que</strong></span> <span class='ocrx_word' id='word_1_89' title='bbox 431 2088 585 2142; x_wconf 86' lang='lat' dir='ltr'><strong>tegant</strong></span> 
     </span>
    </p>
   </div>
   <div class='ocr_carea' id='block_1_3' title="bbox 215 2229 1121 3198">
    <p class='ocr_par' dir='ltr' id='par_1_3' title="bbox 215 2229 1121 3198">
     <span class='ocr_line' id='line_1_28' title="bbox 262 2229 720 2285; baseline -0.004 -14"><span class='ocrx_word' id='word_1_90' title='bbox 262 2229 398 2272; x_wconf 84' lang='lat' dir='ltr'><strong>Vaces</strong></span> <span class='ocrx_word' id='word_1_91' title='bbox 430 2243 537 2270; x_wconf 90' lang='lat' dir='ltr'><strong>uene</strong></span> <span class='ocrx_word' id='word_1_92' title='bbox 570 2242 720 2285; x_wconf 85' lang='lat' dir='ltr'><strong>grosse</strong></span> 
     </span>
     <span class='ocr_line' id='line_1_29' title="bbox 261 2299 836 2344; baseline -0.005 -1"><span class='ocrx_word' id='word_1_93' title='bbox 261 2300 410 2344; x_wconf 87' lang='lat' dir='ltr'><strong>Vaeha</strong></span> <span class='ocrx_word' id='word_1_94' title='bbox 440 2315 525 2342; x_wconf 87' lang='lat' dir='ltr'><strong>uox</strong></span> <span class='ocrx_word' id='word_1_95' title='bbox 555 2299 735 2341; x_wconf 88' lang='lat' dir='ltr'><strong>letantis</strong></span> <span class='ocrx_word' id='word_1_96' title='bbox 769 2301 836 2341; x_wconf 87' lang='lat' dir='ltr'><strong>est</strong></span> 
     </span>
     <span class='ocr_line' id='line_1_30' title="bbox 220 2371 733 2415; baseline 0.002 -4"><span class='ocrx_word' id='word_1_97' title='bbox 220 2371 453 2415; x_wconf 80' lang='lat' dir='ltr'><strong>20Vacuam</strong></span> <span class='ocrx_word' id='word_1_98' title='bbox 485 2371 733 2413; x_wconf 84' lang='lat' dir='ltr'><strong>inornatam</strong></span> 
     </span>
     <span class='ocr_line' id='line_1_31' title="bbox 263 2442 799 2497; baseline -0.007 -11"><span class='ocrx_word' id='word_1_99' title='bbox 263 2443 508 2485; x_wconf 84' lang='lat' dir='ltr'><strong>Vadoribus</strong></span> <span class='ocrx_word' id='word_1_100' title='bbox 543 2442 799 2497; x_wconf 84' lang='lat' dir='ltr'><strong>sequacibus</strong></span> 
     </span>
     <span class='ocr_line' id='line_1_32' title="bbox 264 2512 688 2569; baseline -0.007 -13"><span class='ocrx_word' id='word_1_101' title='bbox 264 2515 395 2557; x_wconf 88' lang='lat' dir='ltr'><strong>Vafre</strong></span> <span class='ocrx_word' id='word_1_102' title='bbox 428 2512 688 2569; x_wconf 75' lang='lat' dir='ltr'><strong>inequaliter</strong></span> 
     </span>
     <span class='ocr_line' id='line_1_33' title="bbox 263 2583 1115 2642; baseline -0.004 -15"><span class='ocrx_word' id='word_1_103' title='bbox 263 2586 462 2642; x_wconf 77' lang='lat' dir='ltr'><strong>Vagatur</strong></span> <span class='ocrx_word' id='word_1_104' title='bbox 485 2587 600 2626; x_wconf 89' lang='lat' dir='ltr'><strong>errat</strong></span> <span class='ocrx_word' id='word_1_105' title='bbox 624 2583 784 2639; x_wconf 86' lang='lat' dir='ltr'><strong>ubique</strong></span> <span class='ocrx_word' id='word_1_106' title='bbox 812 2583 972 2640; x_wconf 88' lang='lat' dir='ltr'><strong>ubique</strong></span> <span class='ocrx_word' id='word_1_107' title='bbox 999 2597 1115 2639; x_wconf 79' lang='lat' dir='ltr'><strong>gres-</strong></span> 
     </span>
     <span class='ocr_line' id='line_1_34' title="bbox 325 2655 938 2699; baseline -0.003 -1"><span class='ocrx_word' id='word_1_108' title='bbox 325 2672 396 2699; x_wconf 77' lang='lat' dir='ltr'><strong>sus</strong></span> <span class='ocrx_word' id='word_1_109' title='bbox 429 2656 654 2698; x_wconf 84' lang='lat' dir='ltr'><strong>instabiles</strong></span> <span class='ocrx_word' id='word_1_110' title='bbox 688 2655 938 2698; x_wconf 86' lang='lat' dir='ltr'><strong>circumfert</strong></span> 
     </span>
     <span class='ocr_line' id='line_1_35' title="bbox 266 2726 957 2785; baseline -0.003 -15"><span class='ocrx_word' id='word_1_111' title='bbox 266 2729 510 2785; x_wconf 82' lang='lat' dir='ltr'><strong>Vagetatur</strong></span> <span class='ocrx_word' id='word_1_112' title='bbox 541 2728 755 2770; x_wconf 89' lang='lat' dir='ltr'><strong>uiolenter</strong></span> <span class='ocrx_word' id='word_1_113' title='bbox 785 2726 957 2783; x_wconf 83' lang='lat' dir='ltr'><strong>plangit</strong></span> 
     </span>
     <span class='ocr_line' id='line_1_36' title="bbox 215 2798 908 2842; baseline -0.003 -1"><span class='ocrx_word' id='word_1_114' title='bbox 215 2813 248 2838; x_wconf 83' lang='lat'><strong>25</strong></span> <span class='ocrx_word' id='word_1_115' title='bbox 268 2800 365 2842; x_wconf 90' lang='lat' dir='ltr'><strong>Vab</strong></span> <span class='ocrx_word' id='word_1_116' title='bbox 398 2799 642 2842; x_wconf 84' lang='lat' dir='ltr'><strong>interiectio</strong></span> <span class='ocrx_word' id='word_1_117' title='bbox 675 2798 908 2841; x_wconf 87' lang='lat' dir='ltr'><strong>deridentis</strong></span> 
     </span>
     <span class='ocr_line' id='line_1_37' title="bbox 270 2868 1119 2926; baseline -0.004 -13"><span class='ocrx_word' id='word_1_118' title='bbox 270 2872 443 2913; x_wconf 82' lang='lat' dir='ltr'><strong>Vallum</strong></span> <span class='ocrx_word' id='word_1_119' title='bbox 500 2871 686 2926; x_wconf 81' lang='lat' dir='ltr'><strong>undique</strong></span> <span class='ocrx_word' id='word_1_120' title='bbox 743 2870 956 2912; x_wconf 88' lang='lat' dir='ltr'><strong>fossatum</strong></span> <span class='ocrx_word' id='word_1_121' title='bbox 1006 2868 1119 2911; x_wconf 85' lang='lat' dir='ltr'><strong>eirca</strong></span> 
     </span>
     <span class='ocr_line' id='line_1_38' title="bbox 331 2957 500 2984; baseline 0 -1"><span class='ocrx_word' id='word_1_122' title='bbox 331 2957 500 2984; x_wconf 86' lang='lat' dir='ltr'><strong>murum</strong></span> 
     </span>
     <span class='ocr_line' id='line_1_39' title="bbox 271 3012 1067 3068; baseline -0.001 -14"><span class='ocrx_word' id='word_1_123' title='bbox 271 3013 407 3055; x_wconf 85' lang='lat' dir='ltr'><strong>Valde</strong></span> <span class='ocrx_word' id='word_1_124' title='bbox 439 3015 639 3068; x_wconf 87' lang='lat' dir='ltr'><strong>porrecta</strong></span> <span class='ocrx_word' id='word_1_125' title='bbox 670 3012 857 3068; x_wconf 87' lang='lat' dir='ltr'><strong>undique</strong></span> <span class='ocrx_word' id='word_1_126' title='bbox 891 3014 1067 3054; x_wconf 84' lang='lat' dir='ltr'><strong>extensa</strong></span> 
     </span>
     <span class='ocr_line' id='line_1_40' title="bbox 274 3083 1121 3139; baseline -0.001 -14"><span class='ocrx_word' id='word_1_127' title='bbox 274 3084 427 3126; x_wconf 84' lang='lat' dir='ltr'><strong>Varice</strong></span> <span class='ocrx_word' id='word_1_128' title='bbox 470 3083 579 3126; x_wconf 89' lang='lat' dir='ltr'><strong>uitia</strong></span> <span class='ocrx_word' id='word_1_129' title='bbox 621 3085 804 3139; x_wconf 72' lang='lat' dir='ltr'><strong>quedam</strong></span> <span class='ocrx_word' id='word_1_130' title='bbox 844 3084 1002 3139; x_wconf 88' lang='lat' dir='ltr'><strong>pedum</strong></span> <span class='ocrx_word' id='word_1_131' title='bbox 1040 3097 1121 3138; x_wconf 89' lang='lat' dir='ltr'><strong>que</strong></span> 
     </span>
     <span class='ocr_line' id='line_1_41' title="bbox 334 3154 756 3198; baseline 0.005 -2"><span class='ocrx_word' id='word_1_132' title='bbox 334 3154 486 3197; x_wconf 85' lang='lat' dir='ltr'><strong>stando</strong></span> <span class='ocrx_word' id='word_1_133' title='bbox 519 3158 756 3198; x_wconf 84' lang='lat' dir='ltr'><strong>nascuntur</strong></span> 
     </span>
    </p>
   </div>
   <div class='ocr_carea' id='block_1_4' title="bbox 653 182 1572 225">
    <p class='ocr_par' dir='ltr' id='par_1_4' title="bbox 653 182 1572 225">
     <span class='ocr_line' id='line_1_42' title="bbox 653 182 1572 225; baseline -0.005 -2"><span class='ocrx_word' id='word_1_134' title='bbox 653 186 907 225; x_wconf 86' lang='lat' dir='ltr'><strong>EXCERPTA</strong></span> <span class='ocrx_word' id='word_1_135' title='bbox 933 185 998 221; x_wconf 85' lang='lat' dir='ltr'><strong>EX</strong></span> <span class='ocrx_word' id='word_1_136' title='bbox 1023 184 1194 221; x_wconf 87' lang='lat' dir='ltr'>CODICE</span> <span class='ocrx_word' id='word_1_137' title='bbox 1222 182 1502 221; x_wconf 84' lang='lat' dir='ltr'>CASSINENSI</span> <span class='ocrx_word' id='word_1_138' title='bbox 1528 185 1572 218; x_wconf 82' lang='lat'><strong>90</strong></span> 
     </span>
    </p>
   </div>
   <div class='ocr_carea' id='block_1_5' title="bbox 1137 294 2077 3195">
    <p class='ocr_par' dir='ltr' id='par_1_5' title="bbox 1139 294 1989 350">
     <span class='ocr_line' id='line_1_43' title="bbox 1139 294 1989 350; baseline -0.004 -14"><span class='ocrx_word' id='word_1_139' title='bbox 1139 294 1354 336; x_wconf 82' lang='lat' dir='ltr'><strong>Vasterna</strong></span> <span class='ocrx_word' id='word_1_140' title='bbox 1379 307 1516 350; x_wconf 82' lang='lat' dir='ltr'><strong>genus</strong></span> <span class='ocrx_word' id='word_1_141' title='bbox 1544 306 1696 335; x_wconf 85' lang='lat' dir='ltr'><strong>currus</strong></span> <span class='ocrx_word' id='word_1_142' title='bbox 1723 294 1766 334; x_wconf 90' lang='lat' dir='ltr'><strong>et</strong></span> <span class='ocrx_word' id='word_1_143' title='bbox 1792 294 1858 334; x_wconf 88' lang='lat' dir='ltr'><strong>est</strong></span> <span class='ocrx_word' id='word_1_144' title='bbox 1884 306 1989 348; x_wconf 86' lang='lat' dir='ltr'><strong>gens</strong></span> 
     </span>
    </p>

    <p class='ocr_par' dir='ltr' id='par_1_6' title="bbox 1137 363 2044 479">
     <span class='ocr_line' id='line_1_44' title="bbox 1137 363 2044 420; baseline -0.008 -12"><span class='ocrx_word' id='word_1_145' title='bbox 1137 366 1370 408; x_wconf 88' lang='lat' dir='ltr'><strong>Vasticant</strong></span> <span class='ocrx_word' id='word_1_146' title='bbox 1408 379 1486 420; x_wconf 90' lang='lat' dir='ltr'><strong>pro</strong></span> <span class='ocrx_word' id='word_1_147' title='bbox 1519 363 1866 406; x_wconf 88' lang='lat' dir='ltr'><strong>uicissitudinem</strong></span> <span class='ocrx_word' id='word_1_148' title='bbox 1900 363 1990 405; x_wconf 88' lang='lat' dir='ltr'><strong>red·</strong></span> <span class='ocrx_word' id='word_1_149' title='bbox 2008 375 2044 400; x_wconf 83' lang='lat'><strong>30</strong></span> 
     </span>
     <span class='ocr_line' id='line_1_45' title="bbox 1197 437 1305 479; baseline 0 -1"><span class='ocrx_word' id='word_1_150' title='bbox 1197 437 1305 479; x_wconf 91' lang='lat' dir='ltr'><strong>dunt</strong></span> 
     </span>
    </p>

    <p class='ocr_par' dir='ltr' id='par_1_7' title="bbox 1138 506 1613 564">
     <span class='ocr_line' id='line_1_46' title="bbox 1138 506 1613 564; baseline -0.004 -14"><span class='ocrx_word' id='word_1_151' title='bbox 1138 507 1346 564; x_wconf 83' lang='lat' dir='ltr'><strong>Vegetati</strong></span> <span class='ocrx_word' id='word_1_152' title='bbox 1379 506 1613 550; x_wconf 87' lang='lat' dir='ltr'><strong>confortati</strong></span> 
     </span>
    </p>

    <p class='ocr_par' dir='ltr' id='par_1_8' title="bbox 1140 577 1644 635">
     <span class='ocr_line' id='line_1_47' title="bbox 1140 577 1644 635; baseline -0.006 -13"><span class='ocrx_word' id='word_1_153' title='bbox 1140 579 1399 635; x_wconf 81' lang='lat' dir='ltr'><strong>Velligatim</strong></span> <span class='ocrx_word' id='word_1_154' title='bbox 1431 577 1644 633; x_wconf 87' lang='lat' dir='ltr'><strong>paulatim</strong></span> 
     </span>
    </p>

    <p class='ocr_par' dir='ltr' id='par_1_9' title="bbox 1141 648 2077 706">
     <span class='ocr_line' id='line_1_48' title="bbox 1141 648 2077 706; baseline -0.003 -13"><span class='ocrx_word' id='word_1_155' title='bbox 1141 651 1382 706; x_wconf 83' lang='lat' dir='ltr'><strong>Velteltiga</strong></span> <span class='ocrx_word' id='word_1_156' title='bbox 1406 664 1541 706; x_wconf 83' lang='lat' dir='ltr'><strong>genus</strong></span> <span class='ocrx_word' id='word_1_157' title='bbox 1563 649 1786 692; x_wconf 90' lang='lat' dir='ltr'><strong>cuiusdam</strong></span> <span class='ocrx_word' id='word_1_158' title='bbox 1804 648 1993 704; x_wconf 85' lang='lat' dir='ltr'><strong>loquelle</strong></span> <span class='ocrx_word' id='word_1_159' title='bbox 2071 675 2077 680; x_wconf 92' lang='lat'>-</span> 
     </span>
    </p>

    <p class='ocr_par' dir='ltr' id='par_1_10' title="bbox 1142 720 1766 777">
     <span class='ocr_line' id='line_1_49' title="bbox 1142 720 1766 777; baseline -0.005 -12"><span class='ocrx_word' id='word_1_160' title='bbox 1142 722 1332 776; x_wconf 72' lang='lat' dir='ltr'><strong>Venusie</strong></span> <span class='ocrx_word' id='word_1_161' title='bbox 1365 720 1562 764; x_wconf 87' lang='lat' dir='ltr'><strong>feminini</strong></span> <span class='ocrx_word' id='word_1_162' title='bbox 1595 720 1766 777; x_wconf 86' lang='lat' dir='ltr'><strong>generis</strong></span> 
     </span>
    </p>

    <p class='ocr_par' dir='ltr' id='par_1_11' title="bbox 1143 793 1702 837">
     <span class='ocr_line' id='line_1_50' title="bbox 1143 793 1702 837; baseline -0.005 0"><span class='ocrx_word' id='word_1_163' title='bbox 1143 793 1385 837; x_wconf 89' lang='lat' dir='ltr'><strong>Venierunt</strong></span> <span class='ocrx_word' id='word_1_164' title='bbox 1415 793 1702 835; x_wconf 80' lang='lat' dir='ltr'><strong>uendiderunt</strong></span> 
     </span>
    </p>

    <p class='ocr_par' dir='ltr' id='par_1_12' title="bbox 1141 864 1621 921">
     <span class='ocr_line' id='line_1_51' title="bbox 1141 864 1621 921; baseline -0.008 -12"><span class='ocrx_word' id='word_1_165' title='bbox 1141 865 1329 909; x_wconf 91' lang='lat' dir='ltr'><strong>Veritim</strong></span> <span class='ocrx_word' id='word_1_166' title='bbox 1363 864 1621 921; x_wconf 80' lang='lat' dir='ltr'><strong>singillatim</strong></span> 
     </span>
    </p>

    <p class='ocr_par' dir='ltr' id='par_1_13' title="bbox 1143 934 1997 1123">
     <span class='ocr_line' id='line_1_52' title="bbox 1143 934 1996 980; baseline -0.006 0"><span class='ocrx_word' id='word_1_167' title='bbox 1143 937 1283 980; x_wconf 91' lang='lat' dir='ltr'><strong>Verus</strong></span> <span class='ocrx_word' id='word_1_168' title='bbox 1329 940 1372 979; x_wconf 86' lang='lat' dir='ltr'><strong>et</strong></span> <span class='ocrx_word' id='word_1_169' title='bbox 1416 951 1548 978; x_wconf 86' lang='lat' dir='ltr'><strong>uerax</strong></span> <span class='ocrx_word' id='word_1_170' title='bbox 1590 950 1613 976; x_wconf 88' lang='lat' dir='ltr'><strong>a</strong></span> <span class='ocrx_word' id='word_1_171' title='bbox 1654 934 1840 976; x_wconf 87' lang='lat' dir='ltr'><strong>ueritate</strong></span> <span class='ocrx_word' id='word_1_172' title='bbox 1883 935 1996 976; x_wconf 89' lang='lat' dir='ltr'><strong>unde</strong></span> 
     </span>
     <span class='ocr_line' id='line_1_53' title="bbox 1201 1004 1997 1061; baseline -0.009 -9"><span class='ocrx_word' id='word_1_173' title='bbox 1201 1009 1358 1052; x_wconf 86' lang='lat' dir='ltr'><strong>fortior</strong></span> <span class='ocrx_word' id='word_1_174' title='bbox 1396 1008 1559 1050; x_wconf 86' lang='lat' dir='ltr'><strong>ueritas</strong></span> <span class='ocrx_word' id='word_1_175' title='bbox 1593 1021 1724 1061; x_wconf 85' lang='lat' dir='ltr'><strong>quam</strong></span> <span class='ocrx_word' id='word_1_176' title='bbox 1762 1019 1889 1047; x_wconf 88' lang='lat' dir='ltr'><strong>uerus</strong></span> <span class='ocrx_word' id='word_1_177' title='bbox 1926 1004 1997 1046; x_wconf 90' lang='lat' dir='ltr'><strong>uel</strong></span> 
     </span>
     <span class='ocr_line' id='line_1_54' title="bbox 1203 1095 1337 1123; baseline -0.007 0"><span class='ocrx_word' id='word_1_178' title='bbox 1203 1095 1337 1123; x_wconf 79' lang='lat' dir='ltr'><strong>uei-ax</strong></span> 
     </span>
    </p>

    <p class='ocr_par' dir='ltr' id='par_1_14' title="bbox 1144 1147 1997 1207">
     <span class='ocr_line' id='line_1_55' title="bbox 1144 1147 1997 1207; baseline -0.007 -12"><span class='ocrx_word' id='word_1_179' title='bbox 1144 1152 1419 1195; x_wconf 88' lang='lat' dir='ltr'><strong>Verriculum</strong></span> <span class='ocrx_word' id='word_1_180' title='bbox 1459 1165 1594 1207; x_wconf 81' lang='lat' dir='ltr'><strong>genus</strong></span> <span class='ocrx_word' id='word_1_181' title='bbox 1629 1149 1733 1191; x_wconf 85' lang='lat' dir='ltr'><strong>retis</strong></span> <span class='ocrx_word' id='word_1_182' title='bbox 1765 1147 1837 1190; x_wconf 86' lang='lat' dir='ltr'><strong>uel</strong></span> <span class='ocrx_word' id='word_1_183' title='bbox 1869 1161 1997 1190; x_wconf 88' lang='lat' dir='ltr'><strong>sucus</strong></span> 
     </span>
    </p>

    <p class='ocr_par' dir='ltr' id='par_1_15' title="bbox 1143 1223 1675 1267">
     <span class='ocr_line' id='line_1_56' title="bbox 1143 1223 1675 1267; baseline -0.011 0"><span class='ocrx_word' id='word_1_184' title='bbox 1143 1223 1410 1267; x_wconf 84' lang='lat' dir='ltr'><strong>Vertumnus</strong></span> <span class='ocrx_word' id='word_1_185' title='bbox 1444 1223 1547 1264; x_wconf 90' lang='lat' dir='ltr'><strong>deus</strong></span> <span class='ocrx_word' id='word_1_186' title='bbox 1581 1223 1675 1262; x_wconf 86' lang='lat' dir='ltr'><strong>erat</strong></span> 
     </span>
    </p>

    <p class='ocr_par' dir='ltr' id='par_1_16' title="bbox 1145 1294 1833 1348">
     <span class='ocr_line' id='line_1_57' title="bbox 1145 1294 1833 1348; baseline -0.009 -10"><span class='ocrx_word' id='word_1_187' title='bbox 1145 1294 1421 1338; x_wconf 86' lang='lat' dir='ltr'><strong>Verticordia</strong></span> <span class='ocrx_word' id='word_1_188' title='bbox 1452 1294 1531 1335; x_wconf 88' lang='lat' dir='ltr'><strong>dea</strong></span> <span class='ocrx_word' id='word_1_189' title='bbox 1561 1305 1833 1348; x_wconf 86' lang='lat' dir='ltr'><strong>paganorum</strong></span> 
     </span>
    </p>

    <p class='ocr_par' dir='ltr' id='par_1_17' title="bbox 1146 1363 2000 1421">
     <span class='ocr_line' id='line_1_58' title="bbox 1146 1363 2000 1421; baseline -0.008 -11"><span class='ocrx_word' id='word_1_190' title='bbox 1146 1367 1336 1410; x_wconf 87' lang='lat' dir='ltr'><strong>Vescum</strong></span> <span class='ocrx_word' id='word_1_191' title='bbox 1358 1366 1547 1421; x_wconf 86' lang='lat' dir='ltr'><strong>spissum</strong></span> <span class='ocrx_word' id='word_1_192' title='bbox 1568 1364 1748 1406; x_wconf 87' lang='lat' dir='ltr'><strong>densum</strong></span> <span class='ocrx_word' id='word_1_193' title='bbox 1767 1363 2000 1405; x_wconf 89' lang='lat' dir='ltr'><strong>obscurum</strong></span> 
     </span>
    </p>

    <p class='ocr_par' dir='ltr' id='par_1_18' title="bbox 1147 1433 1886 1492">
     <span class='ocr_line' id='line_1_59' title="bbox 1147 1433 1886 1492; baseline -0.008 -11"><span class='ocrx_word' id='word_1_194' title='bbox 1147 1439 1339 1481; x_wconf 84' lang='lat' dir='ltr'><strong>Vexatus</strong></span> <span class='ocrx_word' id='word_1_195' title='bbox 1372 1438 1484 1479; x_wconf 88' lang='lat' dir='ltr'><strong>idest</strong></span> <span class='ocrx_word' id='word_1_196' title='bbox 1515 1437 1715 1492; x_wconf 88' lang='lat' dir='ltr'><strong>portatus</strong></span> <span class='ocrx_word' id='word_1_197' title='bbox 1749 1433 1886 1476; x_wconf 89' lang='lat' dir='ltr'><strong>aueho</strong></span> 
     </span>
    </p>

    <p class='ocr_par' dir='ltr' id='par_1_19' title="bbox 1148 1508 1555 1554">
     <span class='ocr_line' id='line_1_60' title="bbox 1148 1508 1555 1554; baseline -0.012 0"><span class='ocrx_word' id='word_1_198' title='bbox 1148 1511 1342 1554; x_wconf 84' lang='lat' dir='ltr'><strong>Victimo</strong></span> <span class='ocrx_word' id='word_1_199' title='bbox 1375 1508 1555 1551; x_wconf 88' lang='lat' dir='ltr'><strong>immolo</strong></span> 
     </span>
    </p>

    <p class='ocr_par' dir='ltr' id='par_1_20' title="bbox 1148 1576 2001 1708">
     <span class='ocr_line' id='line_1_61' title="bbox 1148 1576 2001 1635; baseline -0.007 -10"><span class='ocrx_word' id='word_1_200' title='bbox 1148 1581 1324 1625; x_wconf 86' lang='lat' dir='ltr'><strong>Vicaria</strong></span> <span class='ocrx_word' id='word_1_201' title='bbox 1361 1580 1589 1623; x_wconf 87' lang='lat' dir='ltr'><strong>uidubium</strong></span> <span class='ocrx_word' id='word_1_202' title='bbox 1621 1593 1704 1635; x_wconf 85' lang='lat' dir='ltr'><strong>que</strong></span> <span class='ocrx_word' id='word_1_203' title='bbox 1737 1578 1844 1620; x_wconf 89' lang='lat' dir='ltr'><strong>duos</strong></span> <span class='ocrx_word' id='word_1_204' title='bbox 1876 1576 2001 1620; x_wconf 86' lang='lat' dir='ltr'><strong>mari-</strong></span> 
     </span>
     <span class='ocr_line' id='line_1_62' title="bbox 1208 1651 1496 1708; baseline -0.014 -11"><span class='ocrx_word' id='word_1_205' title='bbox 1208 1657 1278 1697; x_wconf 85' lang='lat' dir='ltr'><strong>tos</strong></span> <span class='ocrx_word' id='word_1_206' title='bbox 1310 1651 1496 1708; x_wconf 88' lang='lat' dir='ltr'><strong>reliquid</strong></span> 
     </span>
    </p>

    <p class='ocr_par' dir='ltr' id='par_1_21' title="bbox 1150 1721 1706 1769">
     <span class='ocr_line' id='line_1_63' title="bbox 1150 1721 1706 1769; baseline -0.011 0"><span class='ocrx_word' id='word_1_207' title='bbox 1150 1725 1342 1769; x_wconf 88' lang='lat' dir='ltr'><strong>Vilitant</strong></span> <span class='ocrx_word' id='word_1_208' title='bbox 1372 1723 1506 1766; x_wconf 88' lang='lat' dir='ltr'><strong>uilem</strong></span> <span class='ocrx_word' id='word_1_209' title='bbox 1538 1721 1706 1764; x_wconf 85' lang='lat' dir='ltr'><strong>faciunt</strong></span> 
     </span>
    </p>

    <p class='ocr_par' dir='ltr' id='par_1_22' title="bbox 1148 1794 2004 1997">
     <span class='ocr_line' id='line_1_64' title="bbox 1148 1794 2004 1851; baseline -0.007 -10"><span class='ocrx_word' id='word_1_210' title='bbox 1148 1798 1310 1841; x_wconf 87' lang='lat' dir='ltr'><strong>Vineas</strong></span> <span class='ocrx_word' id='word_1_211' title='bbox 1350 1794 1801 1838; x_wconf 80' lang='lat' dir='ltr'><strong>machinamentorum</strong></span> <span class='ocrx_word' id='word_1_212' title='bbox 1845 1807 2004 1851; x_wconf 86' lang='lat' dir='ltr'><strong>genera</strong></span> 
     </span>
     <span class='ocr_line' id='line_1_65' title="bbox 1211 1863 2004 1926; baseline -0.008 -14"><span class='ocrx_word' id='word_1_213' title='bbox 1211 1885 1292 1926; x_wconf 86' lang='lat' dir='ltr'><strong>que</strong></span> <span class='ocrx_word' id='word_1_214' title='bbox 1337 1871 1438 1911; x_wconf 91' lang='lat' dir='ltr'><strong>sunt</strong></span> <span class='ocrx_word' id='word_1_215' title='bbox 1481 1867 1528 1909; x_wconf 89' lang='lat' dir='ltr'><strong>in</strong></span> <span class='ocrx_word' id='word_1_216' title='bbox 1577 1866 1754 1909; x_wconf 92' lang='lat' dir='ltr'><strong>modum</strong></span> <span class='ocrx_word' id='word_1_217' title='bbox 1796 1864 1908 1907; x_wconf 86' lang='lat' dir='ltr'><strong>turri</strong></span> <span class='ocrx_word' id='word_1_218' title='bbox 1951 1863 2004 1906; x_wconf 87' lang='lat' dir='ltr'><strong>ad</strong></span> 
     </span>
     <span class='ocr_line' id='line_1_66' title="bbox 1210 1939 1697 1997; baseline -0.01 -13"><span class='ocrx_word' id='word_1_219' title='bbox 1210 1939 1518 1997; x_wconf 81' lang='lat' dir='ltr'><strong>expugnandos</strong></span> <span class='ocrx_word' id='word_1_220' title='bbox 1550 1951 1697 1980; x_wconf 87' lang='lat' dir='ltr'><strong>muros</strong></span> 
     </span>
    </p>

    <p class='ocr_par' dir='ltr' id='par_1_23' title="bbox 1150 2007 1979 2067">
     <span class='ocr_line' id='line_1_67' title="bbox 1150 2007 1979 2067; baseline -0.006 -11"><span class='ocrx_word' id='word_1_221' title='bbox 1150 2012 1372 2056; x_wconf 87' lang='lat' dir='ltr'><strong>Viocolita</strong></span> <span class='ocrx_word' id='word_1_222' title='bbox 1404 2011 1479 2067; x_wconf 88' lang='lat' dir='ltr'><strong>qui</strong></span> <span class='ocrx_word' id='word_1_223' title='bbox 1509 2009 1743 2052; x_wconf 88' lang='lat' dir='ltr'><strong>uiolentias</strong></span> <span class='ocrx_word' id='word_1_224' title='bbox 1773 2007 1979 2065; x_wconf 82' lang='lat' dir='ltr'><strong>prohibet</strong></span> 
     </span>
    </p>

    <p class='ocr_par' dir='ltr' id='par_1_24' title="bbox 1151 2081 1694 2141">
     <span class='ocr_line' id='line_1_68' title="bbox 1151 2081 1694 2141; baseline -0.011 -13"><span class='ocrx_word' id='word_1_225' title='bbox 1151 2084 1292 2141; x_wconf 84' lang='lat' dir='ltr'><strong>Vipex</strong></span> <span class='ocrx_word' id='word_1_226' title='bbox 1323 2084 1454 2139; x_wconf 85' lang='lat' dir='ltr'><strong>plaga</strong></span> <span class='ocrx_word' id='word_1_227' title='bbox 1486 2097 1538 2124; x_wconf 86' lang='lat' dir='ltr'><strong>ex</strong></span> <span class='ocrx_word' id='word_1_228' title='bbox 1568 2081 1694 2137; x_wconf 86' lang='lat' dir='ltr'><strong>uirga</strong></span> 
     </span>
    </p>

    <p class='ocr_par' dir='ltr' id='par_1_25' title="bbox 1153 2151 2005 2212">
     <span class='ocr_line' id='line_1_69' title="bbox 1153 2151 2005 2212; baseline -0.007 -13"><span class='ocrx_word' id='word_1_229' title='bbox 1153 2156 1294 2212; x_wconf 89' lang='lat' dir='ltr'><strong>Vipex</strong></span> <span class='ocrx_word' id='word_1_230' title='bbox 1308 2155 1399 2197; x_wconf 92' lang='lat' dir='ltr'><strong>uim</strong></span> <span class='ocrx_word' id='word_1_231' title='bbox 1419 2153 1624 2210; x_wconf 90' lang='lat' dir='ltr'><strong>patiendo</strong></span> <span class='ocrx_word' id='word_1_232' title='bbox 1638 2151 1708 2194; x_wconf 88' lang='lat' dir='ltr'><strong>uel</strong></span> <span class='ocrx_word' id='word_1_233' title='bbox 1722 2151 1814 2194; x_wconf 90' lang='lat' dir='ltr'><strong>uim</strong></span> <span class='ocrx_word' id='word_1_234' title='bbox 1833 2151 2005 2207; x_wconf 79' lang='lat' dir='ltr'><strong>patiens</strong></span> 
     </span>
    </p>

    <p class='ocr_par' dir='ltr' id='par_1_26' title="bbox 1153 2218 2059 2280">
     <span class='ocr_line' id='line_1_70' title="bbox 1153 2218 2059 2280; baseline -0.007 -11"><span class='ocrx_word' id='word_1_235' title='bbox 1153 2226 1309 2269; x_wconf 87' lang='lat' dir='ltr'><strong>Virore</strong></span> <span class='ocrx_word' id='word_1_236' title='bbox 1334 2223 1590 2267; x_wconf 82' lang='lat' dir='ltr'><strong>fortitudine</strong></span> <span class='ocrx_word' id='word_1_237' title='bbox 1623 2221 1688 2280; x_wconf 84' lang='lat' dir='ltr'><strong>(in</strong></span> <span class='ocrx_word' id='word_1_238' title='bbox 1708 2236 1786 2277; x_wconf 79' lang='lat' dir='ltr'><strong>pro</strong></span> <span class='ocrx_word' id='word_1_239' title='bbox 1807 2237 1864 2264; x_wconf 88' lang='lat' dir='ltr'><strong>on</strong></span> <span class='ocrx_word' id='word_1_240' title='bbox 1881 2218 2003 2278; x_wconf 82' lang='lat' dir='ltr'><strong>corr.)</strong></span> <span class='ocrx_word' id='word_1_241' title='bbox 2023 2229 2059 2258; x_wconf 84' lang='lat'><strong>5⁰</strong></span> 
     </span>
    </p>

    <p class='ocr_par' dir='ltr' id='par_1_27' title="bbox 1152 2296 1577 2341">
     <span class='ocr_line' id='line_1_71' title="bbox 1152 2296 1577 2341; baseline -0.007 -1"><span class='ocrx_word' id='word_1_242' title='bbox 1152 2296 1335 2341; x_wconf 86' lang='lat' dir='ltr'><strong>Virosus</strong></span> <span class='ocrx_word' id='word_1_243' title='bbox 1367 2310 1577 2338; x_wconf 86' lang='lat' dir='ltr'><strong>neruosus</strong></span> 
     </span>
    </p>

    <p class='ocr_par' dir='ltr' id='par_1_28' title="bbox 1151 2366 1963 2421">
     <span class='ocr_line' id='line_1_72' title="bbox 1151 2366 1963 2421; baseline -0.005 -10"><span class='ocrx_word' id='word_1_244' title='bbox 1151 2368 1309 2411; x_wconf 86' lang='lat' dir='ltr'><strong>Virosa</strong></span> <span class='ocrx_word' id='word_1_245' title='bbox 1341 2367 1496 2410; x_wconf 85' lang='lat' dir='ltr'><strong>mulier</strong></span> <span class='ocrx_word' id='word_1_246' title='bbox 1527 2366 1721 2410; x_wconf 90' lang='lat' dir='ltr'><strong>uirorum</strong></span> <span class='ocrx_word' id='word_1_247' title='bbox 1755 2367 1963 2421; x_wconf 84' lang='lat' dir='ltr'><strong>appetens</strong></span> 
     </span>
    </p>

    <p class='ocr_par' dir='ltr' id='par_1_29' title="bbox 1152 2436 2022 2495">
     <span class='ocr_line' id='line_1_73' title="bbox 1152 2436 2022 2495; baseline -0.003 -13"><span class='ocrx_word' id='word_1_248' title='bbox 1152 2439 1311 2495; x_wconf 87' lang='lat' dir='ltr'><strong>Virops</strong></span> <span class='ocrx_word' id='word_1_249' title='bbox 1333 2454 1462 2495; x_wconf 88' lang='lat' dir='ltr'><strong>quem</strong></span> <span class='ocrx_word' id='word_1_250' title='bbox 1480 2439 1568 2481; x_wconf 88' lang='lat' dir='ltr'><strong>iam</strong></span> <span class='ocrx_word' id='word_1_251' title='bbox 1587 2438 1730 2480; x_wconf 90' lang='lat' dir='ltr'><strong>uirum</strong></span> <span class='ocrx_word' id='word_1_252' title='bbox 1751 2451 1859 2492; x_wconf 89' lang='lat' dir='ltr'><strong>opus</strong></span> <span class='ocrx_word' id='word_1_253' title='bbox 1873 2436 2022 2479; x_wconf 83' lang='lat' dir='ltr'><strong>habet</strong></span> 
     </span>
    </p>

    <p class='ocr_par' dir='ltr' id='par_1_30' title="bbox 1152 2511 1582 2554">
     <span class='ocr_line' id='line_1_74' title="bbox 1152 2511 1582 2554; baseline -0.005 -1"><span class='ocrx_word' id='word_1_254' title='bbox 1152 2511 1352 2554; x_wconf 87' lang='lat' dir='ltr'><strong>Viriosus</strong></span> <span class='ocrx_word' id='word_1_255' title='bbox 1384 2512 1582 2553; x_wconf 84' lang='lat' dir='ltr'><strong>austerus</strong></span> 
     </span>
    </p>

    <p class='ocr_par' dir='ltr' id='par_1_31' title="bbox 1152 2580 1788 2625">
     <span class='ocr_line' id='line_1_75' title="bbox 1152 2580 1788 2625; baseline -0.003 -1"><span class='ocrx_word' id='word_1_256' title='bbox 1152 2582 1374 2625; x_wconf 89' lang='lat' dir='ltr'><strong>Virissant</strong></span> <span class='ocrx_word' id='word_1_257' title='bbox 1404 2580 1591 2624; x_wconf 88' lang='lat' dir='ltr'><strong>uiriliter</strong></span> <span class='ocrx_word' id='word_1_258' title='bbox 1622 2580 1788 2623; x_wconf 89' lang='lat' dir='ltr'><strong>faciunt</strong></span> 
     </span>
    </p>

    <p class='ocr_par' dir='ltr' id='par_1_32' title="bbox 1155 2652 1826 2709">
     <span class='ocr_line' id='line_1_76' title="bbox 1155 2652 1826 2709; baseline -0.004 -13"><span class='ocrx_word' id='word_1_259' title='bbox 1155 2654 1408 2709; x_wconf 87' lang='lat' dir='ltr'><strong>Viripotens</strong></span> <span class='ocrx_word' id='word_1_260' title='bbox 1440 2652 1635 2695; x_wconf 90' lang='lat' dir='ltr'><strong>uirorum</strong></span> <span class='ocrx_word' id='word_1_261' title='bbox 1669 2654 1826 2707; x_wconf 85' lang='lat' dir='ltr'><strong>potens</strong></span> 
     </span>
    </p>

    <p class='ocr_par' dir='ltr' id='par_1_33' title="bbox 1156 2722 2010 2981">
     <span class='ocr_line' id='line_1_77' title="bbox 1156 2722 2009 2780; baseline -0.004 -13"><span class='ocrx_word' id='word_1_262' title='bbox 1156 2725 1251 2767; x_wconf 89' lang='lat' dir='ltr'><strong>Viri</strong></span> <span class='ocrx_word' id='word_1_263' title='bbox 1290 2739 1413 2767; x_wconf 84' lang='lat' dir='ltr'><strong>soror</strong></span> <span class='ocrx_word' id='word_1_264' title='bbox 1452 2723 1608 2780; x_wconf 85' lang='lat' dir='ltr'><strong>gallice</strong></span> <span class='ocrx_word' id='word_1_265' title='bbox 1648 2722 1816 2765; x_wconf 88' lang='lat' dir='ltr'><strong>sororia</strong></span> <span class='ocrx_word' id='word_1_266' title='bbox 1851 2722 2009 2765; x_wconf 86' lang='lat' dir='ltr'><strong>dicitur</strong></span> 
     </span>
     <span class='ocr_line' id='line_1_78' title="bbox 1215 2793 2010 2849; baseline -0.004 -10"><span class='ocrx_word' id='word_1_267' title='bbox 1215 2795 1488 2849; x_wconf 53' lang='lat' dir='ltr'><strong>sororisff&#39;uir</strong></span> <span class='ocrx_word' id='word_1_268' title='bbox 1526 2809 1551 2836; x_wconf 89' lang='lat' dir='ltr'><strong>a</strong></span> <span class='ocrx_word' id='word_1_269' title='bbox 1590 2793 1848 2849; x_wconf 83' lang='lat' dir='ltr'><strong>quibusdam</strong></span> <span class='ocrx_word' id='word_1_270' title='bbox 1893 2807 2010 2836; x_wconf 85' lang='lat' dir='ltr'><strong>soro-</strong></span> 
     </span>
     <span class='ocr_line' id='line_1_79' title="bbox 1215 2864 2008 2910; baseline -0.004 0"><span class='ocrx_word' id='word_1_271' title='bbox 1215 2868 1304 2910; x_wconf 87' lang='lat' dir='ltr'><strong>rius</strong></span> <span class='ocrx_word' id='word_1_272' title='bbox 1336 2866 1495 2910; x_wconf 87' lang='lat' dir='ltr'><strong>dicitur</strong></span> <span class='ocrx_word' id='word_1_273' title='bbox 1534 2865 1681 2908; x_wconf 89' lang='lat' dir='ltr'><strong>mariti</strong></span> <span class='ocrx_word' id='word_1_274' title='bbox 1717 2864 1854 2908; x_wconf 88' lang='lat' dir='ltr'><strong>frater</strong></span> <span class='ocrx_word' id='word_1_275' title='bbox 1897 2864 2008 2907; x_wconf 85' lang='lat' dir='ltr'><strong>leuir</strong></span> 
     </span>
     <span class='ocr_line' id='line_1_80' title="bbox 1218 2938 1377 2981; baseline -0.006 -1"><span class='ocrx_word' id='word_1_276' title='bbox 1218 2938 1377 2981; x_wconf 89' lang='lat' dir='ltr'><strong>dicitur</strong></span> 
     </span>
    </p>

    <p class='ocr_par' dir='ltr' id='par_1_34' title="bbox 1159 3006 2010 3136">
     <span class='ocr_line' id='line_1_81' title="bbox 1159 3006 2010 3052; baseline -0.004 -1"><span class='ocrx_word' id='word_1_277' title='bbox 1159 3008 1340 3052; x_wconf 83' lang='lat' dir='ltr'><strong>Viscera</strong></span> <span class='ocrx_word' id='word_1_278' title='bbox 1382 3009 1479 3051; x_wconf 90' lang='lat' dir='ltr'><strong>loca</strong></span> <span class='ocrx_word' id='word_1_279' title='bbox 1523 3008 1817 3051; x_wconf 85' lang='lat' dir='ltr'><strong>membrorum</strong></span> <span class='ocrx_word' id='word_1_280' title='bbox 1855 3006 2010 3050; x_wconf 85' lang='lat' dir='ltr'><strong>uitalia</strong></span> 
     </span>
     <span class='ocr_line' id='line_1_82' title="bbox 1217 3079 1886 3136; baseline -0.001 -14"><span class='ocrx_word' id='word_1_281' title='bbox 1217 3081 1286 3122; x_wconf 91' lang='lat' dir='ltr'><strong>uel</strong></span> <span class='ocrx_word' id='word_1_282' title='bbox 1321 3079 1524 3136; x_wconf 89' lang='lat' dir='ltr'><strong>quicquid</strong></span> <span class='ocrx_word' id='word_1_283' title='bbox 1556 3079 1636 3121; x_wconf 90' lang='lat' dir='ltr'><strong>sub</strong></span> <span class='ocrx_word' id='word_1_284' title='bbox 1669 3079 1786 3122; x_wconf 85' lang='lat' dir='ltr'><strong>corio</strong></span> <span class='ocrx_word' id='word_1_285' title='bbox 1819 3081 1886 3121; x_wconf 83' lang='lat' dir='ltr'><strong>est</strong></span> 
     </span>
    </p>

    <p class='ocr_par' dir='ltr' id='par_1_35' title="bbox 1159 3150 1623 3195">
     <span class='ocr_line' id='line_1_83' title="bbox 1159 3150 1623 3195; baseline -0.006 0"><span class='ocrx_word' id='word_1_286' title='bbox 1159 3150 1359 3195; x_wconf 87' lang='lat' dir='ltr'><strong>Viscerat</strong></span> <span class='ocrx_word' id='word_1_287' title='bbox 1392 3150 1623 3194; x_wconf 88' lang='lat' dir='ltr'><strong>obumbrat</strong></span> 
     </span>
    </p>
   </div>
   <div class='ocr_carea' id='block_1_6' title="bbox 2015 803 2049 829">
    <p class='ocr_par' dir='ltr' id='par_1_36' title="bbox 2015 803 2049 829">
     <span class='ocr_line' id='line_1_84' title="bbox 2015 803 2049 829; baseline 0 0"><span class='ocrx_word' id='word_1_288' title='bbox 2015 803 2049 829; x_wconf 86' lang='lat'><strong>35</strong></span> 
     </span>
    </p>
   </div>
   <div class='ocr_carea' id='block_1_7' title="bbox 2017 1303 2053 1328">
    <p class='ocr_par' dir='ltr' id='par_1_37' title="bbox 2017 1303 2053 1328">
     <span class='ocr_line' id='line_1_85' title="bbox 2017 1303 2053 1328; baseline 0.028 -1"><span class='ocrx_word' id='word_1_289' title='bbox 2017 1303 2053 1328; x_wconf 78' lang='lat'><strong>40</strong></span> 
     </span>
    </p>
   </div>
   <div class='ocr_carea' id='block_1_8' title="bbox 2021 1730 2058 1757">
    <p class='ocr_par' dir='ltr' id='par_1_38' title="bbox 2021 1730 2058 1757">
     <span class='ocr_line' id='line_1_86' title="bbox 2021 1730 2058 1757; baseline 0 0"><span class='ocrx_word' id='word_1_290' title='bbox 2021 1730 2058 1757; x_wconf 82' lang='lat'><strong>45</strong></span> 
     </span>
    </p>
   </div>
   <div class='ocr_carea' id='block_1_9' title="bbox 2025 2586 2061 2614">
    <p class='ocr_par' dir='ltr' id='par_1_39' title="bbox 2025 2586 2061 2614">
     <span class='ocr_line' id='line_1_87' title="bbox 2025 2586 2061 2614; baseline 0 0"><span class='ocrx_word' id='word_1_291' title='bbox 2025 2586 2061 2614; x_wconf 85' lang='lat'><strong>55</strong></span> 
     </span>
    </p>
   </div>
  </div>
 </body>
</html>
