2175 3428
188 149 275 190 284
676 150 983 187 GLOSSARIVM
1008 150 1152 187 AMPL.
1181 150 1448 188 SECVNDVM

190 258 420 301 Dediscere
453 260 618 302 nescire

188 330 446 386 Deligerunt
479 332 702 388 elegerunt

187 402 439 444 Deseminat
471 403 682 459 dispergit

187 474 444 528 Depositum
478 477 826 519 commendatum

151 545 321 601 :·›Degit
370 547 543 590 habitat
592 549 702 605 legit
747 549 838 592 siue
884 550 1041 592 dicitur

244 618 313 659 uel
347 618 439 674 agit

187 689 445 745 Decrepitus
478 692 604 735 ualde
637 708 766 735 senex

186 761 437 816 Dependere
490 764 598 806 satis
648 764 789 808 facere
840 766 909 808 uel
959 781 1038 821 pro

244 833 329 876 alio
363 834 531 878 soluere
563 837 632 878 uel
665 838 840 879 reddere

185 905 377 961 Delupra
408 908 572 963 templa
603 908 819 951 idolorum

185 978 426 1021 Demensus
460 981 730 1023 mensurauit

133 1062 164 1086 10
184 1049 367 1092 Defesus
399 1066 478 1107 pro
511 1052 707 1094 infirmus

183 1121 428 1178 Degeneret
461 1124 691 1167 desimulet
723 1128 925 1180 parentes

183 1192 511 1237 Deuerticulum
537 1196 612 1238 ubi
635 1200 854 1240 comsatur
875 1199 943 1240 uel
964 1198 1038 1239 ubi

243 1265 430 1308 deuertit
468 1267 522 1308 ab
562 1268 781 1324 aliquibus
822 1270 930 1312 libet
968 1271 1038 1312 do-

242 1336 446 1380 miculum
483 1340 635 1382 domus

183 1408 380 1451 Desciuit
421 1412 573 1466 pedem
615 1414 799 1455 retraxit
843 1414 912 1456 uel
958 1414 1039 1456 dis-

243 1481 374 1524 cessit

182 1553 461 1597 Desidescere
494 1557 777 1613 neglegenter
809 1573 936 1614 agere

132 1638 164 1663 15
183 1625 471 1682 Degladiandi
506 1629 726 1671 occidendi

183 1697 372 1740 Dedecet
404 1713 492 1741 non
524 1700 645 1742 decet

181 1769 446 1813 Desitiscere
480 1775 783 1828 contempnere

182 1841 388 1884 Decernit
420 1845 578 1886 statuit
611 1846 864 1888 terminauit

183 1913 379 1956 Delictus
406 1915 522 1957 ferru
550 1917 631 1959 dau
659 1916 818 1975 clatu¹)
841 1932 968 1973 quem
987 1918 1040 1959 ds·

131 1999 164 2022 20
184 1985 350 2028 Decens
383 1987 563 2042 pulcher

185 2057 366 2100 Deseuit
398 2059 678 2103 abiracundia
710 2061 871 2104 lenitur

183 2128 389 2172 Detrudit
421 2131 612 2173 excludit

183 2200 396 2244 Detorsus
428 2203 619 2246 inclusus

183 2272 413 2316 Defraudit
445 2275 640 2317 fraudem
673 2277 779 2320 facit

130 2356 162 2381 25
183 2344 362 2387 Desides
397 2346 516 2388 deses
551 2347 790 2391 desidiosus

184 2415 438 2459 Defecatum
472 2419 685 2474 liquidum
712 2435 868 2476 purum
895 2423 1038 2462 exten-

243 2503 339 2530 sum

184 2560 370 2603 uelauit
403 2562 582 2604 omn-‚uit
613 2552 727 2604 iauff

187 2633 359 2675 Deditio
394 2633 572 2675 traditio
606 2638 846 2689 spontanea

183 2705 343 2747 Dedita
375 2720 505 2761 opera
537 2706 767 2748 ualdedata

130 2789 162 2813 31)
184 2776 296 2818 Dein
327 2776 479 2818 deinde

185 2848 371 2890 Decuria
402 2863 607 2890 numerus
634 2848 671 2890 X
704 2849 932 2891 hominum
964 2850 1038 2892 sed

244 2923 395 2974 postea
428 2920 618 2962 inusium
650 2920 771 2963 uenit
803 2924 851 2963 ut
883 2922 1038 2972 multo-

246 3007 338 3032 rum
370 2991 595 3034 hominum
629 2993 696 3033 dic

1079 259 1226 303 Denus
1240 275 1399 304 nomen
1414 261 1480 304 est
1503 264 1733 318 peccuniae
1754 265 1934 308 collecte

1139 332 1362 376 exassibus
1406 335 1553 376 decem
1587 335 1699 377 unde
1730 352 1933 380 nummus

1139 403 1361 447 denarium
1386 405 1545 448 dicitur
1567 407 1690 462 quasi
1711 408 1934 451 exassibus

1140 478 1345 518 constans

1079 547 1409 591 Deuerticulum
1449 550 1934 593 dealterauainalterum

1081 618 1308 675 Dependet
1341 622 1465 663 ualde
1498 623 1721 677 promittit
1754 623 1934 666 deflexio

1077 690 1304 734 Detrectat
1348 693 1473 735 ualde
1518 694 1733 737 detractat
1775 695 1933 738 iterum
1953 706 1987 733 35

1137 766 1374 808 retractare
1407 780 1630 808 recussare
1663 770 1729 809 est

1076 834 1270 878 Delicius
1326 852 1434 892 puer
1488 837 1702 881 indeliciis
1761 842 1931 881 amatus

1137 907 1338 950 adomino

1077 979 1512 1023 Desiderantissimus
1535 982 1607 1037 qui
1628 981 1842 1023 desiderat
1863 982 1933 1024 ab·

1137 1066 1186 1094 eo
1221 1053 1335 1107 quod
1369 1055 1434 1094 est
1465 1053 1713 1095 desiderans

1078 1122 1266 1165 Delebra
1283 1114 1574 1167 instrumenta
1588 1125 1809 1168 rusticana
1824 1140 1933 1182 quos

1137 1195 1318 1238 dicimus
1352 1199 1519 1239 rostros

1077 1266 1298 1310 Delictum
1330 1268 1485 1311 electio

1076 1339 1272 1382 Delubra
1309 1340 1476 1395 templa
1517 1343 1560 1382 et
1592 1341 1794 1396 ideoquia
1825 1340 1933 1383 inin-
1945 1345 2078 1381 folet*

1137 1427 1290 1469 gressu
1327 1412 1424 1468 ipso
1463 1413 1583 1455 lacus
1624 1427 1759 1468 aquae
1800 1413 1935 1455 fiebat

1136 1485 1213 1527 ubi
1258 1500 1302 1527 se
1355 1485 1600 1527 sacerdotes
1646 1485 1934 1527 sacrificaturi

1135 1557 1427 1612 purificabant
1441 1559 1484 1599 et
1495 1556 1736 1599 aduluenda
1747 1557 1932 1598 lauando

1078 1629 1271 1671 Delubra
1303 1629 1419 1671 dicta
1451 1630 1552 1670 sunt
1951 1640 1985 1665 41

1079 1700 1310 1756 Depromit
1341 1700 1510 1755 profert
1543 1699 1730 1755 explicat

1077 1772 1260 1828 Depecti
1291 1772 1409 1828 pacti

1077 1845 1283 1888 Decreuit
1316 1843 1472 1886 statuit
1505 1843 1674 1886 sancxit

1077 1917 1259 1972 Depulit
1291 1914 1540 1971 deportauit
1951 1927 1986 1952 45

1078 1989 1257 2031 Deflexu
1291 1988 1476 2030 declium
1510 1987 1766 2028 descensum

1077 2061 1278 2116 Degener
1310 2059 1511 2115 indignus
1546 2072 1702 2114 genere

1077 2132 1289 2187 Deplorat
1322 2131 1517 2186 deposcit

1078 2203 1307 2246 Deformat
1340 2202 1597 2245 dehonestat

1076 2275 1198 2318 Dedo
1226 2275 1344 2316 dedit
1369 2275 1494 2316 trado
1522 2274 1656 2316 tradit
1683 2288 1727 2316 se
1748 2273 1931 2329 degente
1950 2285 1986 2311 50

1136 2347 1312 2403 ingente

1076 2416 1335 2475 Deseisoit2)
1370 2419 1483 2473 quod
1517 2417 1645 2460 sciuit
1675 2417 1837 2459 oblitus
1864 2419 1931 2459 est

1137 2491 1205 2532 uel
1239 2490 1389 2532 definit

1078 2561 1315 2617 Desipiscit
1348 2576 1522 2603 sensum
1555 2561 1703 2603 amisit

1077 2633 1307 2676 Desuescit
1340 2632 1629 2675 obliuionidat

1080 2705 1256 2748 Desista
1288 2719 1408 2747 cessa

1081 2777 1258 2819 Delator
1291 2773 1519 2818 excusator
1950 2785 1984 2811 55

1077 2848 1288 2890 Decidens
1322 2846 1514 2889 recidens

1075 2920 1250 2962 Decluit
1284 2917 1515 2960 recoriauit

1076 2992 1323 3047 D‹.=globata
1355 2990 1568 3031 recoriata

282 3144 313 3187 1)
341 3141 442 3178 elatu
467 3155 575 3189 super
600 3143 675 3179 dau
700 3146 845 3190 scripsit
869 3156 913 3180 m.
936 3148 955 3179 1
976 3146 987 3189 ΙΙ
1007 3145 1043 3190 2)
1069 3141 1251 3178 Descitcit
1275 3147 1359 3178 ante
1383 3153 1474 3178 corr.
1501 3154 1545 3177 m.
1568 3145 1588 3176 1
1609 3143 1621 3186 ΙΙ
