2216 3402
245 137 330 181 130
773 136 1007 174 PLAomVs
1035 136 1220 174 0001018
1245 109 1460 173 PARISINI

239 251 448 294 Pauitans
470 286 477 293 .
499 251 657 292 timens
1197 262 1403 291 sonarum
1418 280 1427 290 .
1443 251 1486 306 et
1513 263 1738 290 seruorum
1754 283 1762 292 .
1777 251 1822 291 et
1848 252 1995 306 pasto—

206 367 209 369 *
237 322 407 378 Pauper
428 357 435 364 .
457 325 532 364 aut
563 321 632 364 uir
665 323 741 362 aut
773 320 930 362 mulier
1195 335 1291 362 rum
1307 353 1316 362 .
1331 322 1374 361 et
1415 320 1459 362 id
1474 353 1483 363 .
1498 321 1582 376 uffg
1602 354 1611 363 .
1632 319 1851 376 peculium
1883 321 1994 364 dixit

235 395 482 438 Pauxillum
505 427 514 436 .
533 408 718 449 paruum
739 426 748 434 .
768 392 976 448 pusillum
1196 408 1221 434 a
1251 406 1406 447 pecore

234 467 468 510 Paululum
490 499 499 508 .
519 465 740 508 modicum
1133 463 1366 506 Peculatus
1387 497 1396 506 .
1416 463 1587 506 furatus
1621 464 1672 507 de
1702 465 1872 520 peculio

199 550 216 575 5
235 540 461 595 Paulisper
486 571 497 581 .
526 536 841 593 aliquantisper
871 570 879 578 .
909 538 979 579 uel
1022 537 1095 579 ali·
1132 535 1276 579 Pectit
1297 570 1305 579 .
1325 535 1520 592 pectinat

294 610 495 667 quantuli
1131 608 1313 651 Pectore
1340 609 1394 650 ab
1422 608 1510 650 imo
1533 642 1541 650 .
1562 623 1614 650 ex
1645 608 1802 651 intimo
1835 609 1962 652 corde
2012 622 2046 648 25

233 684 368 726 Paulo
403 685 503 725 ante
525 715 532 724 .
553 681 690 737 parbo
725 684 825 723 ante
1131 679 1363 723 Peculator
1378 714 1387 723 .
1401 695 1481 737 pro
1509 695 1559 723 eo
1586 681 1701 736 quod
1718 680 1786 729 ‚sit
1809 681 1991 737 pecunie

232 755 452 797 Paulatim
472 787 483 798 .
502 754 668 796 modice
1190 753 1363 808 publice
1396 752 1677 795 defraudator
1688 751 1723 810 2)

232 827 451 870 Pauidus.
473 841 643 881 semper
676 826 835 868 timens
1131 822 1420 866 Pedetemtim
1453 857 1462 867 .
1495 827 1618 867 caute
1664 826 1788 881 quasi
1837 826 1991 881 pedem

232 899 454 942 Paulatim
475 933 482 940 .
503 898 803 953 particulatim
1191 898 1382 938 temtans

180 981 213 1006 10
232 971 450 1013 Paxillum
471 1002 480 1011 .
500 970 648 1025 palum
1130 966 1302 1010 Pedites
1324 1000 1334 1010 .
1355 970 1399 1009 et
1430 969 1561 1023 pedes
1594 971 1683 1011 tres
1716 983 1852 1011 unum
1884 972 1952 1012 est

231 1043 347 1085 Pabe
369 1075 378 1085 .
398 1042 548 1084 lunam
1130 1038 1412 1096 Pedagogum
1433 1072 1442 1081 .
1463 1040 1728 1083 eruditorem
1759 1055 1992 1096 puerorum

231 1113 416 1157 ssPacere
437 1146 446 1156 .
466 1114 629 1169 pacisci
1129 1111 1296 1154 Pedora
1316 1145 1325 1154 .
1347 1111 1517 1153 aurium
1554 1112 1702 1154 sordes
2009 1126 2044 1151 30

231 1185 426 1229 *Partim
447 1219 455 1227 .
476 1185 706 1227 dimidium
727 1219 736 1227 .
756 1186 826 1228 inc
849 1219 857 1228 .
879 1190 923 1229 et
961 1187 1058 1229 inde
1079 1221 1087 1229 .
1128 1182 1268 1226 Pedor
1288 1218 1295 1226 .
1319 1183 1496 1240 squalor
1517 1218 1533 1240 ,Ι
1546 1183 1616 1225 uel
1649 1184 1797 1226 sordes

290 1258 448 1315 partiri
481 1257 669 1300 dicitur.
691 1258 990 1313 quodiuiditur
1127 1253 1305 1297 Pedicas
1334 1289 1342 1297 .
1367 1255 1512 1311 laquei
1553 1255 1711 1311 quibus
1746 1256 1877 1311 pedes
1908 1290 1917 1300 .
1943 1256 1989 1298 111

231 1331 450 1387 *Papillas
472 1364 480 1373 .
502 1344 669 1372 summa
700 1330 854 1372 nuclea
887 1345 1091 1373 mamma·
1189 1325 1414 1381 liquantur

290 1418 387 1446 rum
1129 1396 1268 1440 Pedor
1298 1432 1306 1440 .
1336 1400 1418 1455 gfss
1449 1433 1459 1443 .
1489 1389 1629 1442 mas&
1654 1432 1663 1442 .
1693 1399 1853 1442 dicitur
1881 1433 1890 1442 .
1916 1400 1988 1442 hic

178 1494 211 1519 15
231 1475 469 1518 Parissima
489 1508 496 1516 .
519 1473 681 1515 similia
713 1474 823 1516 uitia
1188 1471 1323 1524 pedor
1344 1505 1351 1512 .
1374 1474 1417 1513 et
1460 1471 1524 1513 hii
1562 1472 1743 1526 pedores
1764 1506 1773 1514 .
1793 1486 1881 1514 non
1919 1487 1989 1528 pe-

231 1547 482 1602 ssPalpitans
516 1549 609 1588 est.
635 1546 709 1600 qui
737 1547 927 1588 animam
954 1548 1089 1590 trait.
1189 1542 1296 1583 (lora
1326 1576 1334 1584 -
1364 1545 1413 1584 ut
1453 1543 1602 1586 lucane
1634 1579 1641 1586 .
1671 1543 1902 1600 longisque
1942 1544 1988 1586 in

289 1634 390 1661 nam
417 1618 637 1675 palpitans
653 1632 764 1660 .n0n
790 1621 856 1660 est
876 1619 1063 1661 latinum
1082 1653 1089 1661 .
1189 1614 1343 1657 cadore
1376 1615 1510 1670 pedor

291 1693 437 1746 potest
469 1693 616 1732 tamen
639 1689 691 1730 ad
710 1690 920 1744 palfebris
941 1692 1088 1733 uenire
1127 1684 1296 1741 Pegaso
1318 1720 1326 1728 ·
1346 1687 1478 1729 homo
1511 1688 1716 1730 iocularis

229 1762 536 1805 Patronomica
563 1795 571 1804 .
604 1762 726 1817 griffi
774 1777 798 1803 a
848 1766 972 1817 patre
1005 1796 1012 1805 .
1039 1767 1089 1805 ut
1126 1756 1241 1814 Pege
1263 1791 1272 1800 -
1293 1758 1390 1801 fons
1413 1793 1421 1801 .
1440 1760 1518 1816 gi'c
2006 1773 2040 1800 35

288 1838 396 1891 puta
440 1835 478 1876 si
525 1834 642 1876 dicas
684 1867 693 1877 .
731 1834 927 1876 tididesti
972 1836 1039 1877 dei
1079 1868 1087 1877 .
1125 1828 1160 1870 P
1164 1829 1325 1872 elerare
1347 1864 1356 1872 .
1376 1831 1525 1874 fallere

289 1907 404 1949 filius
426 1939 435 1949 .
457 1921 511 1949 en
531 1939 540 1949 .
561 1906 654 1949 eius
676 1939 684 1948 .
706 1922 760 1948 en
780 1942 787 1949 .
809 1921 883 1949 eae
905 1940 913 1949 .
933 1907 1050 1949 filius
1125 1900 1309 1945 Pellaeis
1331 1937 1339 1944 .
1361 1903 1507 1945 callidi
1540 1904 1673 1946 astuti

228 1978 452 2021 Partiliter
479 2012 488 2021 .
515 1979 652 2021 diuise
680 2012 687 2020 .
715 1978 784 2020 uel
825 1993 903 2034 per
940 1982 1086 2034 partes
1124 1972 1241 2016 Pelle
1263 2009 1271 2017 .
1293 1975 1458 2030 expelle

289 2051 522 2093 distribute
1126 2045 1275 2088 Pellex
1300 2081 1309 2088 .
1341 2047 1539 2089 adultera
1581 2047 1706 2090 uxori
1750 2048 1947 2104 legitime
1975 2082 1983 2092 .

229 2122 548 2178 Parpipendere
581 2126 647 2165 est
668 2155 678 2166 .
699 2125 923 2165 contemtu
953 2123 1088 2165 animi
1187 2118 1408 2161 consortio
1431 2152 1439 2160 .
1462 2119 1723 2174 superducta

290 2194 454 2250 aliquid
481 2229 487 2236 .
519 2195 651 2237 etiam
696 2209 904 2251 magnum
949 2195 1088 2250 despi-
1125 2189 1340 2233 Pellacem
1361 2226 1368 2233 .
1391 2190 1618 2233 dolosum.
1640 2190 1839 2235 fallacem
2003 2207 2039 2232 40

289 2281 384 2309 cere
418 2301 425 2309 .
459 2267 643 2322 pendere
695 2267 810 2309 enim
842 2302 849 2308 .
883 2267 1085 2309 estimare
1124 2261 1288 2305 Pelices
1311 2296 1318 2304 .
1340 2262 1578 2305 concubine

288 2341 354 2381 est
1123 2333 1228 2376 Pela
1248 2368 1256 2376 .
1276 2334 1417 2376 iacula
1438 2369 1445 2376 .
1467 2334 1537 2376 uel
1570 2335 1658 2376 tela

175 2430 209 2455 20
227 2409 481 2452 Patibulum
515 2413 581 2452 est
602 2443 610 2452 .
633 2425 735 2452 crux
763 2414 806 2452 et
831 2411 928 2453 loca
959 2425 1086 2467 pena·
1124 2405 1244 2448 Pelte
1265 2441 1273 2448 .
1295 2409 1419 2448 scuta
1454 2421 1710 2449 amazonum

288 2498 386 2524 rum
412 2515 422 2526 .
448 2483 495 2524 in
533 2482 690 2538 quibus
730 2482 979 2525 cruciantur
1013 2483 1085 2525 ho·
1125 2478 1294 2521 Pelasci
1314 2512 1322 2520 .
1343 2480 1421 2535 gro

289 2555 427 2597 mines
455 2588 465 2597 .
491 2557 535 2596 et
573 2555 803 2610 patiuntur
824 2590 830 2597 .
853 2555 1012 2597 dicitur
1045 2558 1088 2597 et
1125 2550 1313 2607 Pelopea
1334 2585 1342 2593 .
1363 2550 1535 2592 moenia
1560 2584 1568 2593 .
1592 2551 1862 2606 poloponnes
1884 2585 1892 2594 .
1912 2551 1983 2594 uel
2002 2564 2037 2591 45

287 2627 535 2682 patibulum
589 2630 751 2669 trames
785 2659 793 2668 .
827 2627 871 2668 id
920 2627 1089 2682 partica
1168 2623 1267 2665 ’1100
1300 2625 1366 2665 est
1403 2621 1548 2678 grecia

289 2700 333 2740 in
391 2713 476 2754 qua
530 2699 640 2753 pulli
697 2697 960 2741 dormientes
1020 2699 1088 2740 ad-
1125 2693 1294 2736 Pelides
1316 2728 1323 2736 .
1344 2693 1458 2749 pelei
1478 2728 1486 2736 .
1506 2708 1648 2748 nupus
1670 2727 1678 2735 .
1697 2694 1841 2749 pirrus

289 2771 435 2826 prensi
448 2769 481 2827 1)
516 2772 619 2812 sunt
960 2784 962 2786 ·
1124 2765 1307 2808 Pellecti
1327 2799 1335 2808 .
1357 2765 1523 2808 seducti

229 2840 588 2885 '⁴³Phalaricesunt
609 2874 618 2883 .
640 2841 727 2883 tela
755 2841 921 2884 maiora
947 2841 1086 2897 pylis.
1123 2837 1370 2880 Penetralia
1391 2873 1398 2880 .
1419 2836 1628 2879 interiora

289 2914 404 2956 bello
437 2913 681 2956 necessaria
1123 2910 1302 2953 Penitus
1324 2945 1331 2952 .
1351 2910 1567 2951 introrsus

231 2984 665 3041 Peculium.proprie
693 2985 963 3027 minitiarum
994 3000 1087 3040 per-
1123 2982 1299 3025 Penitat
1327 2979 1496 3024 .tristis
1530 2981 1590 3023 sit
2001 2994 2036 3020 50

329 3140 362 3183 1)
396 3138 552 3184 adpensi
578 3149 669 3175 corr.
696 3151 741 3175 m.
759 3142 779 3174 1
799 3140 866 3184 112)
894 3150 916 3172 11
941 3150 1020 3184 sup.
1047 3150 1115 3174 scr.
1141 3138 1153 3183 ΙΙ
