2216 3402
213 134 297 167 VIII
940 130 1211 165 PRAEFATIO

215 242 530 284 Adnotationes
557 241 817 296 marginales
844 239 1096 294 plerumque
1124 240 1333 282 secundae
1360 239 1506 281 manui
1527 240 1736 282 debentur
1758 255 1953 299 coaevae,

214 314 284 354 vix
323 313 565 355 recentiori.
615 337 661 341 —
711 312 851 353 Huius
892 311 1050 353 codicis
1092 311 1375 367 apographon
1414 311 1608 353 continet
1648 312 1736 353 cod.
1774 311 1956 354 Londi-

215 385 388 427 nensis
430 384 628 440 Egerton
666 384 770 426 270:
829 382 1011 424 Luctatii
1048 382 1216 424 Placidi
1255 383 1520 436 yrammatici
1557 383 1714 436 qlossae
1755 383 1958 437 hucusque

217 458 397 498 nondam
431 457 535 510 typis
566 456 703 497 editae.
753 478 802 483 —
849 453 922 494 Ex
960 453 1192 507 apoyrapho
1224 454 1480 496 bibliothecae
1498 454 1685 508 publicae
1715 454 1958 508 reipublicae

215 527 543 581 Hambmyensis
589 525 758 568 describi
806 525 973 566 curauit
1014 524 1067 566 E.
1107 524 1392 578 Spanyenbery
1441 539 1551 568 anno
1595 524 1964 568 MDCCGXXVI
2005 570 2007 572 ,

215 612 349 639 mense
392 596 622 639 Novembri.
696 595 760 637 De
805 595 950 637 codice
995 595 1377 651 Hamburgensi
1426 596 1532 638 haec
1583 597 1790 638 adnotata
1834 599 1958 641 sunt:

215 668 490 723 Apoyraplcon
522 682 549 708 a
579 681 656 720 quo
696 667 825 708 codice
860 667 987 708 ueteri·
1013 667 1264 721 -desumtum,
1294 681 1378 708 non
1411 668 1550 722 liquet,
1578 668 1684 721 forte
1714 669 1959 722 descriptum

216 743 274 781 est
297 740 370 781 sub
399 739 637 780 auctoritate
661 738 780 779 Frid.
806 737 1113 792 Lindenbroyii,
1144 738 1260 779 caius
1291 751 1463 779 manian
1494 739 1540 780 in
1571 739 1816 792 quibasdam
1847 753 1960 780 niar—
2041 729 2046 736 ’

215 810 421 866 ¹(Jinalibas
446 809 731 862 deprehendere
756 808 859 850 mihi
890 809 1008 850 uisus
1038 822 1141 850 sum.
1183 806 1246 850 Cf.
1281 823 1389 863 quae
1422 809 1511 850 dixi
1543 809 1959 866 ‘Sitzungsberichte

216 882 290 923 der
329 881 379 923 K.
415 880 560 922 Siichs.
596 880 694 922 Ges.
728 880 764 921 d.
797 879 883 921 W?
920 879 1031 921 1889
1065 894 1103 934 p.
1131 879 1216 920 229
1251 879 1345 921 adn.
1415 879 1543 922 Hunc
1581 880 1742 922 librum
1781 880 1961 923 editioni

221 967 321 994 suae
355 952 553 994 adhibuit
584 951 954 993 DEVERLINGIVS.
1015 950 1180 992 Iterum
1212 949 1340 992 Ienae
1375 951 1551 993 contuli.

335 1021 381 1079 6)
429 1021 529 1065 Cod.
575 1021 880 1078 Corsianus⁷
921 1036 1034 1064 nunc
1080 1021 1349 1076 deperditus,
1394 1022 1444 1064 de
1491 1037 1575 1077 quo
1615 1020 1813 1064 OORSIVS
1856 1023 1963 1065 haec

217 1095 339 1137 dicit:
385 1081 443 1135 ‘E'
471 1097 605 1148 questo
637 1108 695 1135 an
725 1094 886 1135 volume
917 1094 962 1134 in
991 1106 1243 1147 per-camena
1279 1093 1325 1134 in
1362 1091 1420 1136 4⁰.
1481 1094 1524 1136 di
1560 1096 1669 1135 carte
1703 1094 1838 1136 scritte
1867 1096 1964 1149 123,

217 1166 320 1208 colla
344 1167 487 1219 prima
513 1166 673 1219 payina
704 1165 863 1207 adorna
900 1165 944 1206 di
979 1164 1109 1206 rioche
1139 1164 1188 1206 cd
1217 1164 1390 1217 eleyanti
1419 1166 1654 1216 minialare,
1692 1165 1964 1219 danneyyiato

216 1238 466 1291 mollissimo,
491 1236 635 1290 perche
665 1240 769 1278 stato
800 1237 861 1290 fin
893 1237 963 1290 qai
993 1236 1080 1278 mal
1112 1235 1318 1291 custodito,
1351 1250 1370 1278 6
1402 1236 1487 1292 che,
1524 1237 1711 1278 divenulo
1742 1236 1881 1277 adesso
1919 1235 1965 1277 di

217 1310 304 1351 mia
341 1309 570 1362 propicia,
613 1309 667 1350 da
711 1322 772 1349 me
815 1308 854 1350 si
896 1321 1086 1350 conserva
1129 1307 1458 1360 diliyenlemente.
1522 1306 1630 1349 Esso
1667 1307 1847 1349 contiene
1889 1307 1966 1348 due

219 1393 354 1434 opere:
387 1394 474 1421 una
506 1378 793 1421 Grammatica
823 1380 870 1421 in
903 1379 1030 1421 latino
1061 1378 1170 1419 della
1202 1377 1346 1431 linqua
1379 1378 1524 1433 latina,
1556 1378 1601 1420 di
1631 1377 1698 1420 che
1727 1391 1814 1419 non
1845 1378 1865 1419 6
1895 1377 1967 1430 qui

218 1451 332 1505 laoyo
365 1465 392 1492 a
416 1451 600 1504 pariare,
632 1464 652 1492 c
685 1451 718 1492 le
753 1449 896 1492 Glosse
928 1451 972 1492 di
996 1448 1169 1491 Placido
1203 1447 1497 1491 Grammatico.
1567 1449 1743 1492 Volendo
1773 1448 1846 1501 far
1876 1461 1967 1490 con-

219 1525 381 1577 yettara
412 1523 521 1563 circa
553 1521 594 1563 Ia
626 1521 826 1563 antichitd
857 1521 920 1563 del
950 1521 1033 1562 onio
1066 1518 1219 1575 Codice,
1250 1520 1340 1562 diro
1366 1521 1556 1573 parermi
1587 1519 1654 1564 clie
1686 1520 1720 1562 le
1750 1520 1827 1561 due
1851 1532 1967 1572 opere

221 1594 332 1636 sieno
364 1596 466 1635 state
495 1593 630 1635 scritto
661 1593 706 1634 in
737 1593 813 1635 due
845 1593 966 1646 tempi
997 1591 1159 1642 diversi,
1191 1591 1239 1633 ed
1269 1592 1382 1633 unite
1406 1592 1550 1645 poscia
1581 1592 1626 1633 in
1658 1605 1717 1632 nn
1747 1604 1865 1644 corpo
1890 1604 1967 1644 per

223 1664 458 1706 l⁷atlinenea
502 1663 569 1706 clie
611 1663 748 1706 hanno
794 1667 860 1706 tra
905 1664 1000 1706 loro.
1062 1662 1113 1704 Io
1149 1664 1336 1717 penserei
1372 1662 1440 1704 clie
1467 1662 1520 1704 ·la
1560 1661 1849 1705 Grammatica
1883 1675 1968 1704 non

222 1737 413 1778 eccedcsse
443 1736 475 1777 il
505 1735 629 1777 secolo
661 1735 707 1776 X
717 1735 761 1786 V,
793 1735 934 1777 benclie
964 1737 1204 1777 certamente
1234 1734 1358 1776 debba
1387 1735 1540 1787 riporsi
1570 1747 1682 1776 verso
1708 1734 1740 1775 il
1758 1733 1968 1788 principio

222 1808 266 1849 di
303 1807 450 1860 quello,
488 1820 508 1848 6
544 1806 611 1848 61ι6
644 1807 678 1848 Ζ6
711 1806 854 1849 Glosse
883 1806 1036 1859 fosseio
1073 1806 1210 1848 sci-itte
1246 1806 1408 1847 intorno
1449 1805 1492 1847 al
1523 1806 1648 1847 secolo
1680 1804 1808 1847 XIV.
1868 1804 1969 1846 Fan

223 1878 366 1920 chiara
394 1879 483 1931 fede
514 1878 622 1920 della
652 1878 856 1932 mayyiore
886 1877 1087 1919 anticliitd
1117 1877 1217 1919 delle
1249 1876 1392 1919 Glosse
1430 1877 1446 1918 i
1475 1877 1586 1918 nessi
1615 1890 1635 1918 e
1667 1877 1707 1918 la
1735 1876 1874 1929 forma
1905 1876 1970 1917 dei

223 1950 433 2000 caratteri,
465 1950 544 2003 pia
582 1949 738 1992 antichi
768 1950 890 1991 molto
922 1949 989 1991 clze
1020 1962 1102 1990 non
1133 1949 1258 2002 quelli
1288 1949 1395 1990 della
1430 1946 1737 2001 Grammatica‚
1774 1961 1794 1988 6
1820 1960 1894 2000 per
1925 1947 1968 1988 la

222 2022 283 2062 eta
310 2022 356 2062 in
375 2020 565 2074 parecclii
585 2020 720 2075 luoylii
738 2021 908 2062 sbiadili
932 2034 952 2061 6
968 2019 1179 2073 pressochc
1202 2020 1359 2073 spenti:
1384 2019 1455 2060 dal
1474 2018 1542 2060 che
1566 2018 1706 2060 deriva
1731 2018 1799 2060 che
1823 2018 1966 2060 alcime

216 2093 368 2147 payine
393 2093 437 2135 di
463 2092 521 2133 tal
548 2091 762 2134 Glossario
794 2106 891 2134 sono
923 2091 1100 2145 leyyibili
1130 2104 1203 2132 con
1228 2104 1353 2144 ,orave
1376 2103 1499 2143 pena,
1530 2103 1550 2131 e
1579 2089 1647 2131 che
1678 2089 1796 2131 molle
1819 2089 1966 2142 parole

224 2178 305 2205 non
342 2164 381 2205 si
422 2164 657 2205 discernono
698 2163 862 2216 affatio,
906 2165 1058 2204 mentre
1094 2161 1162 2203 che
1195 2162 1318 2214 facile
1357 2175 1377 2202 e
1406 2160 1663 2202 securissima
1693 2161 1713 2201 6
1745 2160 1786 2202 la
1818 2160 1968 2201 lettard

228 2236 334 2277 della
369 2233 681 2277 Grammatica?
743 2232 1078 2288 Inscriptionem
1111 2246 1212 2274 suae
1245 2230 1426 2273 editioni
1458 2231 1570 2273 hanc
1602 2230 1718 2272 dedit
1751 2229 1968 2272 CORSIVS:

226 2306 440 2359 Incipiunt
486 2304 656 2347 Glossac
704 2305 708 2359 Ι
756 2304 1047 2347 LVGTATII
1090 2302 1357 2345 PLACIDI
1399 2301 1807 2344 GRAMMATICI
1853 2301 1857 2355 Ι
1897 2301 1975 2342 ΙΝ

226 2377 459 2418 PLAVTI
492 2375 817 2418 COMEDIAS
849 2375 852 2429 Ι
890 2375 1010 2417 PER
1047 2375 1086 2416 A
1129 2373 1466 2416 LITTERAM.
1528 2371 1593 2414 De
1633 2374 1774 2414 aetate
1807 2371 1968 2414 codicis

225 2448 388 2488 frustra
415 2447 601 2501 quaesiti
629 2445 699 2503 (ef.
730 2447 1041 2488 RITSCHELIVS
1070 2444 1225 2500 Opusc.
1251 2444 1318 2486 III
1342 2460 1381 2507 p.
1404 2441 1478 2500 61)
1510 2446 1626 2485 recte
1652 2442 1967 2485 RITSCHEleS

229 2518 461 2560 dubitavit:
496 2532 581 2572 qua
613 2518 663 2559 de
697 2517 948 2572 quaestione
981 2516 1095 2558 infra
1127 2516 1305 2559 dicetur.

346 2589 414 2630 Ad
451 2589 533 2630 hos
573 2603 646 2629 sex
687 2589 855 2630 codices
895 2588 1102 2630 accedunt
1140 2590 1341 2642 excerpta
1382 2586 1542 2629 codicis
1574 2584 1820 2627 Vaticani
1851 2585 1965 2626 2741

227 2660 387 2701 saeculi
431 2659 553 2701 XVI:
605 2662 707 2700 sunt
760 2659 930 2701 circiter
979 2659 1062 2700 160
1106 2658 1289 2713 glossae,
1340 2657 1468 2699 modo
1514 2659 1788 2708 contractae,
1839 2655 1967 2697 modo

227 2734 395 2784 auctae,
439 2730 566 2771 modo
611 2731 876 2771 immutatae.
952 2729 1184 2784 Inscriptio
1223 2729 1330 2770 haec
1368 2731 1456 2770 est:
1512 2727 1584 2769 Ex
1621 2727 1794 2769 Placido
1832 2739 1970 2780 yram-

227 2803 372 2843 matico
405 2804 604 2856 coeccrpta,
639 2800 919 2855 subscriptio:
960 2801 1095 2842 Finis.
1145 2800 1363 2854 Excerpta
1394 2799 1544 2841 insunt
1573 2798 1619 2840 in
1650 2798 1724 2840 fol.
1750 2797 1969 2839 20¹—25¹.

229 2872 526 2927 Apographon
559 2871 736 2926 reliquit
768 2870 1000 2912 Louwivs.
1070 2868 1131 2912 Of.
1167 2870 1504 2911 WILMANNsivs
1532 2870 1559 2910 l.
1585 2883 1617 2911 8.
1645 2884 1677 2911 8.
1704 2884 1744 2923 p.
1770 2868 1869 2911 363.
1911 2891 1970 2897 ——

232 2943 444 2984 Pauculas
478 2943 686 2997 quasdam
720 2942 890 2997 glossas
923 2942 1118 2984 continet
1150 2941 1281 2983 codex
1311 2939 1689 2982 Ambrosianus
1716 2939 1754 2980 D
1781 2939 1867 2981 498
1893 2937 1968 2980 inf.

230 3013 390 3055 saeculi
435 3012 537 3054 XVI
581 3016 681 3067 post
727 3013 844 3054 varia
889 3012 1096 3067 opuscula
1139 3011 1443 3067 grammatica,
1487 3010 1653 3051 scilicet
1695 3009 1779 3051 1106
1821 3009 1966 3051 modo:

142 3111 153 3122 .
233 3083 568 3126 INCIPIVNT
610 3082 887 3126 GLOSSAE
927 3081 1189 3125 PLACIDI
1231 3080 1644 3124 GRAMMATICI
1687 3081 1876 3123 Alamna
1917 3079 1968 3123 ab
