2175 3428
603 106 860 142 EXCERPTA
884 105 950 140 EX
976 106 1120 142 LlBRO
1149 105 1440 142 GLOSSARVM
1812 107 1898 148 205

144 217 375 259 Geniculat
408 218 591 273 genibus
624 217 722 259 fixis
755 217 908 258 adorat
1103 217 1227 258 ualde
1242 217 1411 258 iuuenis
1427 217 1612 259 decessit
1626 220 1669 258 et
1686 217 1730 258 16
1746 232 1898 272 campo

144 288 415 331 Genicularis
460 290 564 331 erba
606 288 908 331 substenditur
948 288 1002 329 ob
1103 289 1262 330 martio
1296 289 1491 344 sepultus
1522 291 1589 330 est
1622 303 1745 331 roma
1777 289 1898 330 cuius

202 361 239 402 is
274 361 529 416 corpionum
561 361 651 402 uim
684 360 979 415 repellendum
1103 360 1257 401 studiis
1270 360 1472 415 uirgilius
1484 360 1675 415 praefuit
1689 358 1899 417 (Hieron)

145 431 356 474 Genimen
389 432 614 489 generatio
1044 430 1202 473 Glarea
1234 432 1405 473 istricta
1438 432 1661 487 glutinosa
1693 430 1814 489 (Cic.)

142 503 373 546 Genimina
406 505 603 560 germina
1044 501 1202 544 Glarea
1235 504 1390 545 stricto
1424 504 1644 559 glutinore
1679 503 1800 560 (Cic.)
1920 516 1954 541 Ξῖ)

106 589 122 614 5
144 575 377 617 Genimina
412 576 714 631 generationes
1044 572 1202 615 Glarea
1222 576 1383 616 terram
1406 575 1744 631 conpugimenta
1769 575 1810 617 id
1834 578 1900 616 est

143 647 352 690 Geniolus
386 648 460 702 qui
491 647 625 688 habet
658 646 835 702 genium
1104 645 1319 687 condensa
1353 645 1473 703 (Cic.)

143 719 372 761 Genitiuus
399 733 524 761 casus
558 721 700 760 status
728 719 871 760 estut
899 716 1004 758 dicit
1045 715 1226 758 Glareas
1266 718 1441 772 lapillos
1481 719 1710 760 fluminum
1744 718 1899 773 apella-

200 792 385 833 donatus
419 788 562 847 (Isia.)
1104 803 1199 830 mus
1245 803 1353 844 quos
1399 804 1512 844 aqua
1557 790 1747 832 defluens
1795 790 1901 831 trait

143 861 378 904 Genituras
410 862 646 917 posteritas
1104 859 1224 915 (Cic.)

89 1020 121 1045 10

89 1453 122 1478 15

88 1957 122 1982 20

143 933 294 976 Genua
324 934 397 989 pal
430 934 549 975 febre
583 947 724 989 genua
758 935 801 974 et
835 932 958 988 genis
1041 931 1243 974 Glaream
1277 933 1563 975 minutissimi
1595 933 1761 988 lapides
1797 936 1900 975 sunt

143 1004 305 1047 Gerula
322 1005 471 1047 nutrix
491 1008 694 1060 portatur
714 1004 781 1060 (de
803 1001 1000 1058 ortleoyr.)
1101 1018 1210 1059 quos
1243 1019 1355 1060 aqua
1386 1005 1576 1047 fluuialis
1610 1005 1715 1047 trait
1749 1004 1872 1062 (Ode.)

142 1076 328 1119 Gerulus
362 1077 534 1119 baiulus
567 1075 634 1133 (de
666 1074 858 1132 orthoyr.)
1043 1074 1226 1133 (11161161)
1260 1079 1407 1118 arator
1439 1074 1560 1134 (Cic.)

143 1147 329 1190 Gerulus
349 1147 708 1203 portioraulator
728 1147 794 1203 (de
807 1146 1001 1201 ortlzoyr.)
1043 1148 1179 1190 Glebo
1214 1148 1401 1190 rusticus
1435 1152 1582 1192 arator
1615 1146 1735 1206 (Cae.)
1923 1162 1957 1186 30

145 1218 331 1262 Gerulus
382 1221 574 1275 portitor
618 1223 694 1262 aut
739 1234 892 1262 suasor
935 1233 1004 1260 ne-
1044 1219 1211 1262 Glescit
1245 1220 1401 1262 crescit
1434 1218 1555 1278 (Cic.)

201 1292 313 1348 gotii
346 1289 413 1348 (de
444 1290 643 1348 orthofflz)
1044 1290 1251 1334 Gliciriza
1283 1306 1420 1348 genus
1452 1293 1585 1335 herbe
1620 1290 1745 1349 (Cic.)

145 1363 382 1406 Gessarum
414 1367 637 1420 gestarum
1044 1361 1256 1420 Gliscet2)
1291 1362 1496 1420 crescet3)
1530 1362 1652 1421 (Cic.)

144 1435 457 1492 Getagegarrit
491 1435 634 1492 gotice
669 1435 863 1490 loquitur
1043 1435 1200 1478 Gliscit
1233 1435 1422 1478 ardescit
1454 1435 1657 1478 increscit
1690 1434 1811 1492 (Cic.)

143 1506 379 1550 Geumeter
412 1522 587 1549 mensor
623 1507 717 1564 agri
1045 1506 1203 1549 Gliscit
1224 1508 1380 1549 crescit
1401 1510 1680 1549 aumentatur
1697 1511 1772 1548 aut
1788 1507 1901 1562 quod
1923 1521 1956 1546 35

145 1576 421 1621 Geumetrice
455 1594 658 1621 mensura
691 1581 938 1620 mensurate
1104 1595 1155 1622 ex
1189 1583 1285 1622 tota
1317 1579 1482 1621 uirtute
1515 1579 1711 1634 procedit
1745 1578 1865 1635 (Cic.)

143 1648 298 1692 Giluus
332 1651 517 1693 melinus
552 1651 672 1694 color
705 1654 772 1692 est
813 1650 1004 1692 subalbi·
1044 1650 1235 1694 Globata
1267 1651 1443 1708 agmina
1475 1652 1656 1693 inunata
1690 1650 1809 1707 (Cic.)

201 1722 281 1764 dus
314 1722 436 1778 (Cia)
1046 1723 1256 1765 Gluuauit
1288 1723 1528 1765 excoriauit
1562 1721 1682 1780 (Cic.)

145 1792 386 1849 Gymnasia
435 1794 526 1836 ludi
573 1794 798 1849 palestrici
849 1794 891 1836 id
941 1797 1007 1835 est
1047 1795 1197 1837 Glauit
1230 1796 1422 1837 excoriat
1455 1792 1575 1852 (020.)

204 1866 446 1908 adletarum
1044 1868 1223 1910 Gnauus
1256 1868 1476 1909 istrenuus
1510 1867 1646 1909 solers
1680 1865 1800 1924 (Cic.)

144 1936 385 1993 Gymnases
425 1937 645 1981 abitacula
683 1938 759 1980 ubi
800 1938 1005 1993 filosophi
1045 1939 1286 1982 Gradiuum
1326 1942 1495 1994 patrem
1533 1942 1718 1981 martem
1760 1938 1902 1981 dictus
1924 1954 1958 1978 40

203 2013 458 2053 exercentur
1104 2012 1313 2068 gradiuus
1365 2011 1480 2065 quod
1530 2010 1576 2052 16
1626 2011 1764 2066 gradu
1815 2013 1903 2051 stet

146 2080 434 2137 Gymnasium
460 2083 582 2125 locus
609 2083 685 2125 ubi
713 2082 878 2125 atletlie
902 2083 1006 2125 nudi
1106 2081 1227 2140 (Cic.)

184 2155 498 2197 vexercitantur
520 2169 705 2211 gymnos
727 2155 842 2196 enim
863 2156 1003 2197 nudus
1044 2155 1250 2197 Gramine
1297 2155 1416 2210 oripe
1469 2169 1628 2211 aggere
1681 2154 1726 2196 111
1776 2158 1903 2210 prato

202 2226 363 2269 dicitur
395 2227 610 2283 geminasi
643 2227 898 2269 exercitatio
1104 2225 1227 2284 (Cic.)

146 2295 410 2352 Gymnasius
433 2298 757 2341 exercitationis
779 2299 887 2341 cella
912 2299 1004 2354 phi·
1044 2298 1219 2341 Grando
1248 2314 1273 2340 a
1299 2299 1476 2341 rusticis
1505 2299 1730 2342 calamitas
1761 2300 1904 2355 appel-

201 2369 486 2425 losophorum
519 2385 644 2426 grece
1100 2372 1217 2413 latur
1237 2371 1348 2412 unde
1370 2374 1413 2412 et
1441 2371 1674 2413 terrentius
1702 2372 1776 2413 sed
1803 2386 1899 2414 ecce

144 2439 322 2484 Gladius
368 2442 598 2484 marcellus
638 2457 854 2498 pronepos
894 2457 1002 2485 mar·
1100 2444 1193 2499 ipse
1227 2442 1424 2499 greditur
1454 2443 1597 2485 nostri
1635 2443 1757 2485 fundi
1791 2443 1900 2486 cala-

203 2512 301 2554 celli
316 2514 514 2556 octauiae
534 2514 712 2571 augusti
730 2514 871 2557 sorori
885 2514 1002 2556 filius
1101 2515 1233 2557 mitas
1266 2513 1388 2572 (Cic.)

241 2632 276 2675 1)
297 2635 429 2676 poster.
458 2642 477 2666 e
502 2633 544 2667 in
569 2642 590 2666 o
616 2643 661 2668 m.
677 2634 702 2667 2
728 2642 820 2668 corr.
841 2634 852 2678 ΙΙ
872 2634 908 2678 2)
936 2643 955 2667 6
981 2644 1025 2668 eae
1051 2632 1065 2666 i
1090 2643 1180 2669 corr.
1201 2634 1212 2677 ΙΙ
1233 2633 1268 2677 3)
1295 2632 1358 2668 alt.
1386 2643 1406 2667 6
1432 2644 1477 2668 ex
1502 2632 1515 2667 i
1541 2644 1633 2669 corr.
1655 2636 1666 2679 ΙΙ

240 2740 271 2771 2.
306 2737 424 2772 herba
448 2750 494 2774 ex
519 2738 610 2773 erba
635 2750 726 2774 coo-r.
764 2740 768 2783 Ι
803 2739 850 2774 ob
884 2740 1122 2786 scorpionum
1148 2752 1192 2776 ea*
1218 2739 1522 2784 obiscorpionum
1555 2751 1647 2777 corr.
1684 2744 1687 2784 ί
1722 2740 1903 2785 repellen-

146 2795 233 2829 dam
259 2808 302 2831 eoe
327 2797 586 2842 repellendum
611 2810 702 2834 corr.
730 2801 742 2843 fl
774 2803 806 2833 5.
833 2798 1021 2835 Genimini
1047 2802 1058 2846 Η
1085 2804 1115 2836 6.
1143 2800 1260 2834 habet
1286 2811 1330 2835 ex
1356 2799 1446 2834 abet
1471 2811 1562 2835 corr.
1589 2801 1600 2845 {l
1627 2804 1658 2834 9.
1686 2799 1866 2845 palpebre
1889 2800 1900 2845 ¹3

150 2858 202 2890 10.
229 2857 400 2901 portator
424 2859 437 2903 ss
470 2861 524 2892 13.
550 2857 700 2903 negocii
726 2859 737 2902 [1
770 2861 826 2894 19.
854 2859 1049 2895 Gimnasia
1072 2865 1076 2906 Ι
1100 2858 1353 2903 adletarum31
1378 2861 1389 2904 Η
1421 2863 1478 2894 20.
1506 2859 1703 2894 Gimnases
1727 2861 1730 2903 Ι
1754 2858 1903 2893 habita-

147 2913 233 2948 cula
251 2916 263 2960 11
283 2918 339 2949 21.
368 2915 603 2951 Gimnasium
626 2921 629 2960 Ι
652 2915 799 2962 gimnos
819 2920 830 2963 ΙΙ
851 2922 905 2955 23.
932 2919 1073 2954 marcio
1094 2921 1105 2964 ΙΙ
1125 2923 1180 2954 24.
1209 2917 1342 2953 stricta
1361 2929 1406 2953 ex
1424 2918 1572 2952 istricta
1592 2929 1684 2953 corr.
1704 2919 1715 2962 ΙΙ
1735 2922 1790 2953 26.
1819 2929 1904 2953 con-

146 2973 342 3018 puimenta
367 2977 379 3020 ss
404 2978 460 3011 27.
489 2975 725 3021 appellamus
745 2978 757 3022 Η
782 2981 837 3014 28.
865 2978 1031 3014 fluuialis
1058 2990 1102 3014 ezr
1127 2977 1266 3012 fluialis
1292 2988 1382 3013 corr.
1404 2980 1416 3022 ΙΙ
1442 2981 1497 3013 29.
1525 2977 1643 3012 Glebo
1669 2979 1681 3022 ΙΙ
1706 2981 1762 3013 32.
1789 2978 1903 3013 herbe

148 3044 193 3068 em
219 3034 306 3068 erbe
332 3046 423 3070 corr.
444 3036 457 3080 l}
482 3039 539 3071 35.
566 3037 807 3072 aumentatur
830 3050 876 3073 m.
891 3042 924 3084 1,
952 3039 1215 3074 aucmentatur
1239 3049 1285 3073 m.
1300 3039 1352 3083 411
1381 3040 1437 3073 38.
1465 3036 1597 3072 Gluuit
1615 3038 1627 3082 ΙΙ
1647 3042 1702 3073 39.
1731 3038 1903 3073 strenuus

149 3103 194 3127 ex
219 3093 407 3129 istrenuus
433 3106 527 3130 corr.
551 3096 556 3141 Ι
579 3095 709 3131 sollers
729 3097 740 3142 ΙΙ
760 3100 814 3132 41.
843 3097 965 3134 Graue
985 3101 997 3145 n
1018 3102 1073 3134 42.
1100 3096 1282 3132 terentius
1306 3098 1311 3141 1
1333 3096 1469 3143 nostri]
1497 3096 1570 3131 nisi
1590 3098 1601 3142 ss
