2216 3402
135 1321 169 1345 10

136 2109 168 2134 15

631 125 865 161 PLAOIDVS
891 126 1145 162 LIBRORVM
1171 127 1378 163 ROMANO
1384 128 1488 162 RVM

191 232 388 275 Minitari
420 236 487 275 est
520 234 649 276 alicui
681 233 833 289 plagas
861 234 927 275 uel
957 250 1046 276 cae-

250 304 324 346 des
359 305 527 346 minari.

190 375 408 418 Mulcator
428 377 632 418 delinitor
653 377 920 432 compositor
940 378 1046 418 mul-

250 462 344 490 cere
377 448 492 489 enim
525 449 704 490 delinire
738 451 804 490 est
843 463 868 489 a
905 448 1046 489 mulso

250 519 424 561 dictum.

190 591 337 633 Moliri
387 605 596 633 conamen
646 587 697 632 et*
739 590 903 645 aliquid
948 605 1044 632 cum

252 677 373 704 mora
404 677 542 718 agere.

191 733 495 776 Manticulatio
535 733 688 775 salatia
725 734 795 775 uel
828 734 1044 776 lenotisia.

191 805 436 862 Murgissor
466 806 619 847 irrisor
651 806 782 847 lusor.

190 876 353 919 Massio
388 877 515 919 malo.

189 948 475 991 Manticulam
507 948 740 990 uiatoriam
771 964 932 1004 peram.

188 1020 538 1062 Manifestarium
584 1023 811 1063 nocentem
854 1020 923 1062 uel
972 1035 1045 1062 no-

248 1093 380 1134 xium.

188 1163 455 1205 Mulcantem
487 1179 688 1205 erumnas
716 1163 872 1205 misere
899 1163 1045 1205 uiuen-

248 1238 335 1277 tem
368 1250 548 1277 erumna
580 1238 647 1277 est
679 1235 866 1277 miseria.

188 1305 486 1362 Magmentem
514 1307 590 1348 alii
615 1307 954 1363 pinguissimum
977 1322 1045 1348 ex-

247 1393 341 1420 cere
381 1379 455 1420 alii
488 1379 675 1421 secunda
712 1381 916 1434 prosecta
956 1393 1044 1420 cor-

246 1453 378 1491 nutus
425 1450 629 1505 quicquid
674 1453 843 1492 mactus
888 1450 932 1492 id
977 1454 1043 1492 est

248 1522 453 1577 quicquid
486 1522 694 1571 distatur..

189 1593 440 1635 Malliellem
472 1594 613 1649 magis
640 1594 798 1636 uellem
825 1593 1044 1636 interdum

247 1665 433 1707 mallem.

188 1736 328 1778 Multo
361 1736 502 1779 facere
536 1737 840 1792 magnifacere.

187 1807 403 1850 Menicare
448 1808 768 1850 communicare
815 1809 979 1850 dictum
1020 1824 1044 1849 a

248 1880 386 1922 menis
419 1879 462 1921 id
495 1882 562 1921 est
596 1880 811 1935 operibus.

188 1951 318 1993 Multi
356 1951 538 2006 equibus
576 1966 654 2006 pro
694 1952 824 1993 uiduo
862 1951 1044 2007 fingitur

246 2023 317 2064 uel
348 2023 559 2079 fungitur.

188 2094 341 2136 Manas
375 2095 511 2137 malas
545 2095 755 2137 maxillas.

188 2165 382 2223 Moragis
414 2167 597 2209 nucibus
630 2166 788 2223 longis.

159 2241 161 2243 ’
187 2238 359 2280 Masum
393 2239 663 2280 euendacem.

187 2309 431 2352 Murrinum
455 2310 608 2351 uinum
634 2325 782 2351 murra
808 2310 1040 2352 conditum.

187 2380 349 2423 Mulleo
377 2381 582 2423 scaltium
608 2382 900 2437 mentigerum
926 2397 951 2423 a
977 2397 1042 2423 co—

246 2453 336 2495 lore
370 2453 479 2495 albo.

306 2574 337 2605 4.
371 2569 634 2605 Menticulatio
667 2582 739 2616 pro
776 2570 1042 2620 Manticulatio

1880 129 1936 170 33

1085 236 1321 291 Marspiter
1353 239 1607 292 marspater.

1085 306 1258 349 Mentor
1289 308 1502 350 inuentor.

1085 377 1159 419 Mu
1193 379 1332 421 adhuc
1364 379 1673 421 consuetudine
1707 382 1785 421 est.

1958 258 1991 282 20

1084 449 1200 491 Mide
1234 451 1401 506 mugire
1434 451 1627 492 dicimus.

1085 520 1220 563 Minia
1252 525 1423 563 coctum
1457 522 1546 564 acie
1579 537 1675 564 uox.

1085 592 1317 634 Meriorem
1351 596 1522 648 turpem
1551 593 1688 636 ueluti
1716 594 1938 636 miriorem
1960 614 1992 638 25

1144 667 1324 719 propter
1355 664 1594 707 feditatem.

1083 735 1222 778 Macie
1254 735 1408 777 maciei
1440 736 1659 778 infestare.

1088 806 1328 848 Molocrum
1356 822 1455 849 mox
1483 823 1610 862 quem
1632 810 1775 864 graeci
1803 811 1937 851 milan

1145 877 1305 919 dicunt.

1083 948 1270 990 Maleam
1304 950 1472 991 sultimi
1504 950 1663 992 habeat
1696 953 1808 994 male
1842 968 1939 995 con-

1144 1021 1260 1062 sulat
1293 1024 1336 1062 et
1370 1021 1481 1063 male
1515 1021 1691 1078 cogitet.

1083 1091 1336 1134 Munificare
1369 1093 1621 1134 muneribus
1656 1110 1819 1137 ornare.

1084 1163 1347 1206 Manducum
1367 1165 1526 1206 lineam
1547 1164 1737 1208 hominis
1752 1167 1937 1223 figuram
1959 1168 1992 1212 ἑο

1142 1235 1366 1291 ingentem
1399 1251 1508 1290 quae
1536 1237 1647 1278 solet
1674 1237 1938 1280 circensibus

1143 1308 1281 1349 malas
1315 1323 1489 1349 mouere
1524 1309 1648 1363 quasi
1681 1310 1940 1352 manducan-

1143 1379 1256 1421 dum.

1116 1509 1337 1553 INCIPIT
1369 1511 1487 1552 PER
1520 1511 1559 1553 N
1593 1511 1908 1555 LITTERAM.

1084 1592 1250 1636 Nautea
1289 1610 1400 1650 aqua
1439 1595 1546 1637 corii
1591 1595 1728 1638 fetida
1768 1597 1813 1638 in
1855 1612 1938 1652 qua

1143 1666 1311 1708 corium
1344 1670 1598 1709 maceratur.

1083 1736 1305 1780 Nanfurae
1332 1739 1446 1793 quod
1472 1739 1627 1781 medici
1658 1742 1836 1794 naptam
1867 1755 1939 1781 uo-

1143 1812 1253 1851 cant.

1082 1879 1276 1922 Numero
1321 1896 1454 1937 prope
1500 1883 1708 1925 uelociter
1750 1884 1938 1925 arthem-

1142 1952 1310 1994 therem
1344 1953 1588 2009 aruspicem
1620 1958 1806 1997 tuscum.

1082 2023 1183 2066 Non
1215 2024 1386 2079 quitum
1417 2041 1506 2068 non
1538 2026 1833 2082 impetratum.
1958 2047 1992 2071 35

1081 2095 1172 2137 Nes
1205 2096 1302 2137 date
1334 2097 1553 2152 inquirite.

1081 2166 1283 2223 Nageum
1315 2168 1490 2224 nigrum
1522 2169 1705 2224 pallium
1737 2173 1878 2213 tenue.

1081 2237 1241 2280 Narria
1272 2239 1418 2294 piscis.

1082 2309 1315 2353 Nefredem
1365 2311 1578 2354 infantem
1627 2314 1790 2356 nudum
1842 2315 1938 2356 den-

1142 2385 1285 2424 tatum
1319 2384 1392 2438 qui
1424 2384 1621 2427 frendere
1648 2386 1793 2428 cibum
1819 2402 1939 2428 num-

1143 2469 1224 2509 que
1257 2455 1313 2496 dd
1344 2455 1388 2496 id
1421 2458 1489 2497 est
1521 2456 1734 2513 frangere.

1088 2582 1180 2607 corr.
1221 2573 1267 2607 bc
1309 2573 1321 2617 ὶΙ
1365 2576 1395 2608 6.
1435 2573 1555 2608 Masio
1589 2575 1636 2610 bc
1678 2577 1689 2619 ΙΙ
1734 2578 1765 2610 9.
1804 2575 1936 2610 misere

186 2631 271 2666 add.
298 2630 337 2665 b²
367 2632 379 2675 ΙΙ
423 2633 478 2665 10.
511 2641 706 2665 excernere
733 2631 764 2666 b.
801 2641 970 2665 exercere
997 2643 1014 2666 c
1051 2632 1062 2675 ΙΙ
1100 2634 1155 2666 12.
1181 2631 1295 2665 Multi
1320 2644 1410 2668 corr.
1438 2633 1475 2668 122
1513 2635 1524 2677 ΙΙ
1570 2637 1622 2669 13.
1651 2634 1876 2669 Memm'care
1903 2648 1936 2670 α.

186 2689 401 2725 Mennicare
429 2691 468 2725 b.-
491 2691 590 2725 unde
614 2690 807 2724 Municare
836 2690 872 2725 b2
894 2693 898 2735 Ι
921 2690 1058 2725 muniis
1085 2692 1127 2726 in
1151 2703 1264 2737 mars).
1293 2692 1361 2738 112ss
1383 2696 1437 2728 14.
1463 2693 1633 2739 fungitur
1653 2695 1672 2728 b
1699 2698 1731 2728 et
1756 2696 1797 2728 iaz
1824 2706 1936 2740 marq.

186 2749 246 2783 uel
271 2749 427 2795 fingitur
452 2749 501 2786 122.
532 2749 703 2796 fungitur
729 2755 761 2786 et
779 2762 858 2795 sup.
878 2762 945 2786 scr.
972 2750 1034 2785 uel
1052 2751 1104 2784 fin
1124 2762 1142 2785 c
1160 2753 1172 2795 ΙΙ
1193 2754 1247 2786 17.
1275 2763 1360 2786 cum
1379 2752 1533 2787 edacem
1559 2754 1587 2788 b.
1623 2753 1859 2788 comedacem
1885 2765 1903 2788 c
1927 2754 1939 2801 [1

188 2811 241 2843 19.
270 2808 407 2843 scaltiu
423 2838 548 2845 ......
563 2809 727 2856 tigerum
753 2821 781 2845 c.
818 2809 841 2845 f.
870 2809 1110 2844 calciamenti
1135 2821 1252 2856 genus
1282 2823 1329 2846 .s.
1357 2813 1399 2847 in
1423 2824 1536 2858 mat-gs.
1565 2812 1602 2847 b2
1621 2814 1632 2857 ΙΙ
1653 2816 1707 2847 20.
1733 2812 1939 2858 Marspitur

188 2868 243 2902 b1:
269 2879 359 2903 corr.
375 2869 413 2903 b2’
436 2871 440 2912 Ι
463 2871 671 2914 morspater
691 2882 724 2905 α.
752 2871 944 2914 maspater
964 2874 1048 2904 ante
1067 2881 1158 2905 corr.
1174 2871 1194 2905 b
1226 2871 1238 2915 ΙΙ
1271 2874 1325 2906 27.
1353 2871 1454 2906 Molo
1481 2876 1564 2907 ante
1589 2883 1677 2907 corr.
1709 2873 1729 2907 b
1763 2874 1774 2918 ΙΙ
1805 2876 1860 2908 30.
1889 2873 1937 2907 ad

188 2926 297 2971 quasi
317 2927 356 2962 b2
375 2939 466 2963 corr.
487 2930 498 2973 ΙΙ
518 2931 573 2964 31.
599 2928 782 2964 INCIPIV
784 2929 850 2963 NT
876 2941 899 2964 a
918 2932 929 2974 H
949 2932 1004 2964 33.
1032 2930 1190 2974 naptam
1216 2931 1253 2975 (11
1273 2941 1347 2965 non
1367 2933 1456 2966 satis
1481 2933 1591 2976 certa)
1619 2943 1637 2966 c
1655 2933 1667 2977 ΙΙ
1687 2935 1741 2966 34.
1770 2933 1936 2968 arthei-a-

188 2986 336 3021 thorem
361 2998 380 3022 c
410 2988 422 3032 ΙΙ
453 2990 508 3022 37.
542 2987 735 3034 Noegeum
766 3000 858 3024 corr.
886 2988 925 3024 b²
955 2991 966 3034 ΙΙ
998 2992 1054 3024 38.
1090 2987 1196 3033 picis,
1229 2993 1313 3024 ante
1345 2991 1441 3035 quod
1465 2989 1580 3035 piscis
1613 2980 1767 3027 deletum
1791 2997 1853 3037 est,
1879 3006 1903 3027 a
1927 2997 1938 3040 <¹1

189 3050 245 3082 39.
280 3046 508 3081 Nefrendem
539 3051 571 3082 et
602 3049 768 3082 nondum
800 3060 890 3084 corr.
919 3049 957 3082 b'2
995 3051 998 3091 Ι
1041 3047 1166 3081 cibum
1180 3077 1377 3085 .........
1388 3047 1400 3084 ’,
1420 3049 1466 3085 ,1.
1500 3049 1671 3096 frangere
1704 3063 1722 3086 e
1761 3054 1766 3096 Ι
1806 3052 1830 3087 f.
1863 3064 1937 3087 non

191 3104 306 3150 queat
332 3105 508 3141 dentibus
535 3107 577 3141 i‘n
600 3119 714 3153 mary.
742 3107 779 3143 b²
807 3109 819 3152 ΙΙ

262 3172 349 3204 Corp.
369 3174 461 3205 gloss.
481 3173 533 3198 lat.
554 3175 625 3198 tom.
641 3174 676 3199 V.
1630 3176 1650 3205 3
