2221 3490
214 145 302 188 520
614 139 872 177 EXOERPTA
898 139 964 174 EX
991 137 1163 175 CODIOE
1188 135 1438 173 VATICANO
1466 139 1556 171 1469

408 326 479 372 ΠΙ
531 323 872 371 EXOERPTA
910 322 997 369 EX
1037 320 1261 368 CODICE
1306 319 1627 367 VATICANO
1668 320 1784 366 1469

802 424 959 472 (saeculi
985 423 1122 460 decimi
1146 436 1182 470 p.
1207 427 1272 458 162
1289 424 1385 468 sqq.)

173 594 175 597 v
218 537 492 594 Archagathi
533 539 747 579 uocantur
785 536 877 590 seui
917 535 1076 577 anotis-
1114 532 1338 575 Amussim
1367 533 1499 575 tacite
1526 532 1645 588 loqui
1673 532 1787 587 quod
1814 532 1970 574 mutire

280 611 390 653 simo
407 610 607 653 carnifice
624 609 692 651 cui
711 609 795 650 hoc
816 622 973 650 nomen
992 606 1078 648 fuit
1175 605 1395 647 interdum
1427 605 1586 647 dicitur

220 683 343 725 Allec
383 681 530 724 allecis
569 695 705 737 genus
744 680 931 736 piscium
964 679 1079 734 quod
1117 677 1323 719 Ambitus
1358 676 1565 719 circuitus
1600 676 1866 730 edificiorum
1898 691 1970 731 pa·
1995 688 2028 713 15

280 753 466 796 maxime
501 753 672 794 salerno
707 751 900 794 abundat
1177 752 1274 790 tens
1308 749 1350 790 in
1382 748 1613 790 latitudine
1640 748 1770 803 pedes
1797 748 1904 789 duos
1931 750 1975 789 et

221 826 460 881 Amplexus
489 823 771 880 participium
797 823 959 865 auerbo
993 837 1079 863 am-
1179 820 1403 862 semissem
1443 821 1489 862 in
1519 819 1792 876 longitudine
1831 819 1875 861 id
1908 822 1975 861 est

281 898 450 953 plector
482 899 526 938 et
559 896 831 951 amplexatus
871 894 992 936 uenit
1025 894 1078 935 ab
1179 893 1291 948 quod
1332 892 1548 946 edificium
1587 892 1708 934 sedet
1746 894 1841 933 eteo
1879 891 1975 932 dem

283 969 506 1024 amplexor
536 969 671 1010 uerbo
705 967 881 1023 passiuo
1178 964 1393 1006 uocabulo
1445 964 1608 1006 crimen
1666 962 1849 1016 auaritie
1906 962 1976 1003 uel

223 1044 362 1085 Antes
397 1040 581 1083 extremi
614 1040 786 1082 ordines
819 1039 1045 1081 uinearum
1181 1035 1373 1078 affectati
1404 1035 1584 1077 honoris
1618 1034 1864 1090 appellatur

187 1128 203 1153 5
222 1113 372 1170 Agaso
407 1113 608 1155 minister
641 1110 841 1153 officialis
1121 1106 1444 1149 Anaboladium
1464 1106 1644 1162 pallium
1665 1106 1980 1148 uestimentum

223 1185 368 1228 Allers
402 1185 556 1227 sollers
1122 1179 1263 1221 Alcon
1297 1193 1452 1235 genere
1481 1179 1689 1221 cretensis
1723 1177 1980 1234 sagittarius

227 1257 473 1313 Amigdaba
506 1270 630 1313 grece
663 1255 797 1297 latine
830 1269 919 1296 nux
950 1254 1084 1309 longa
1183 1251 1375 1306 optimus
1417 1250 1501 1292 fuit
1544 1250 1618 1304 qui
1662 1265 1759 1292 cum
1797 1249 1982 1291 uidisset

287 1344 416 1385 quam
450 1329 523 1370 alii
556 1327 771 1370 nuciclam
804 1329 964 1368 uocant
1184 1324 1395 1365 adracone
1411 1322 1684 1377 complexum
1698 1320 1836 1363 filiurn
1855 1336 1980 1363 suum

229 1402 366 1444 Actus
412 1399 665 1442 incomediis
708 1399 928 1455 significat
967 1401 1084 1440 certa
1183 1395 1294 1437 mira
1333 1394 1503 1437 cautela
1542 1394 1649 1436 artis
1689 1393 1809 1435 misit
1849 1393 1981 1450 sagit-

287 1473 430 1529 spatia
451 1472 721 1515 canticorum
741 1471 848 1513 alibi
867 1471 951 1512 iter
972 1470 1085 1511 inter
1183 1471 1274 1509 tam
1331 1470 1374 1509 et
1431 1466 1587 1508 occidit
1651 1466 1881 1507 draconem
1939 1467 1983 1506 ct

286 1544 453 1587 uicinas
497 1545 706 1599 quattuor
747 1542 904 1597 pedum
946 1543 1086 1583 latum
1183 1554 1366 1595 puerum
1400 1538 1678 1581 conseruauit

289 1616 395 1658 alibi
415 1616 461 1657 in
484 1615 748 1670 geometrica
769 1614 978 1656 minorem
993 1629 1087 1668 par-

289 1691 379 1730 tem
398 1687 538 1743 iugeri
565 1686 609 1727 id
637 1697 723 1729 cxc
751 1683 797 1742 (C
818 1689 968 1739 poster.
988 1698 1037 1726 ex
1058 1697 1088 1726 x
1127 1682 1344 1725 Bacatum
1377 1685 1579 1724 ornatum

289 1775 391 1803 corr.
417 1757 529 1814 ml)
562 1758 718 1813 pedum
752 1757 880 1799 modo
920 1759 1089 1798 motum
1127 1753 1335 1797 Barridus
1369 1755 1563 1796 eleuatus
1597 1754 1809 1809 superbus

291 1831 486 1887 corporis
513 1832 561 1872 ut
594 1829 857 1871 histrionum
885 1832 928 1870 et
959 1829 1089 1871 salto—
1129 1828 1269 1882 Byrsa
1300 1841 1426 1883 grece
1457 1827 1595 1881 latine
1629 1825 1795 1868 corium
2006 1836 2040 1862 20

290 1919 387 1946 rum
426 1902 500 1958 qui
539 1901 671 1943 etiam
711 1916 762 1943 ex
799 1901 882 1942 hoc
921 1901 1090 1943 actuosi
1127 1899 1311 1955 Bellago
1343 1898 1593 1941 inimititias
1627 1912 1804 1940 exerceo

291 1975 493 2018 dicuntur
1128 1970 1308 2026 Belgica
1340 1970 1557 2026 gallicana

231 2047 371 2103 Ageia
414 2045 487 2087 uia
524 2045 649 2086 nauis
694 2045 739 2086 in
784 2059 895 2099 aqua
938 2044 1090 2086 dextra
1128 2041 1352 2097 Bigerrica
1384 2042 1522 2084 uestis

293 2119 444 2160 dextra
475 2118 657 2172 leuaque
1127 2113 1343 2156 Basterna
1381 2128 1518 2169 genus
1556 2112 1746 2154 uehiculi
1785 2127 1871 2167 quo
1913 2125 1987 2154 no-

182 2203 215 2227 10
235 2191 530 2245 Apoponpeus
566 2187 816 2230 emissarius
1190 2185 1299 2227 biles
1344 2199 1624 2227 romanorum
1672 2186 1871 2238 matrone
1917 2183 1988 2225 uel

236 2261 524 2317 Argiroprate
547 2260 621 2315 qui
648 2263 692 2302 et
718 2260 889 2316 argenti
914 2260 1093 2302 distrac-
1190 2257 1383 2313 uirgines
1416 2257 1688 2299 uehebantur

295 2336 412 2374 tores
1131 2329 1398 2371 Blandicella
1429 2329 1563 2370 uerba
1595 2327 1855 2382 diminutiue
2008 2337 2042 2364 25

235 2404 531 2460 Argosyppon
571 2402 726 2444 ciuitas
766 2405 832 2444 est
870 2401 915 2444 in
948 2403 1093 2458 apulia
1130 2400 1257 2443 Buffo
1292 2415 1419 2442 surex
1451 2399 1666 2442 siluestris

298 2490 428 2530 quam
478 2473 696 2516 diomedes
741 2472 934 2516 condidit
980 2475 1094 2529 quod

296 2561 454 2589 nomen
486 2548 640 2600 postea
671 2548 892 2587 uetustate
921 2560 1094 2601 corrup-
1134 2543 1328 2587 Garduus
1368 2544 1502 2585 trium
1542 2543 1798 2586 sillabarum
1838 2544 1904 2584 est
1942 2544 1992 2584 ut

298 2621 392 2660 tum
420 2616 602 2674 agrippa
623 2616 847 2659 dicebatur
869 2617 984 2671 quod
1003 2632 1093 2658 rur—
1193 2616 1350 2658 arduus
1389 2615 1535 2657 fatuus
1569 2617 1768 2656 mortuus
1807 2613 1989 2669 ideoque

300 2704 372 2731 sus
406 2692 661 2744 corruptum
693 2704 822 2743 arpos
856 2689 1016 2731 dicitur
1194 2687 1396 2729 similiter
1429 2687 1730 2729 declinandum
1763 2688 1830 2728 est
1862 2685 1990 2727 huius

240 2761 348 2803 Axis
369 2776 498 2816 quem
525 2760 643 2816 greci
670 2759 798 2801 axion
822 2763 983 2802 uocant
1005 2761 1098 2815 plu-
1194 2759 1341 2801 cardui
1372 2759 1474 2801 huic
1500 2759 1657 2801 carduo
1686 2761 1730 2800 et
1760 2758 1876 2800 hunc
1902 2772 1991 2800 car-

302 2847 370 2874 res
396 2833 530 2874 habet
557 2831 899 2887 significationes
926 2847 1028 2874 nam
1055 2834 1098 2873 et
1196 2831 1327 2872 duum
1371 2833 1415 2871 et
1464 2829 1693 2885 pluraliter
1742 2828 1788 2871 hi
1845 2829 1992 2871 cardui

301 2906 447 2959 partes
469 2903 550 2957 celi
578 2904 933 2958 septentrionalis
955 2904 1099 2946 dicun·
1198 2902 1455 2944 carduorum
1487 2900 1656 2944 carduis

306 2977 377 3016 tur
422 2974 513 3016 axis
560 2978 603 3016 et
647 2975 783 3030 stipes
828 2978 942 3017 teres
988 2976 1101 3021 circa
1138 2973 1291 3016 Cathis
1326 2973 1571 3015 crudelibus

308 3061 434 3100 quem
479 3049 577 3089 rota
623 3047 818 3089 uoluitur
863 3050 906 3089 et
951 3047 1102 3090 tabula
1139 3044 1343 3088 Cemulus
1376 3044 1610 3087 inclinatus

309 3118 473 3159 sextilis
507 3117 598 3160 axis
631 3118 789 3161 dicitur
1140 3117 1311 3160 Conuto
1346 3118 1525 3160 consuto
2015 3125 2049 3150 ³⁰
