2216 3402
171 121 227 162 62

169 230 352 272 Diecula
402 245 426 271 a
479 229 547 270 die
604 228 859 270 diminutiue
915 228 1025 269 nihil

230 288 382 343 autem*
408 301 649 356 preiudicat
682 315 812 355 quam
845 299 1026 340 diminu-

195 414 198 416 ,
230 374 323 415 tiua
348 373 551 415 recedunt
577 387 632 413 an
658 371 860 413 omnibus
887 370 1026 425 prime

228 444 464 500 posicionis
485 446 534 485 ut
555 446 726 485 scutum
746 441 916 484 scutula
935 457 1026 484 scu-

229 517 335 558 tella
373 516 491 558 canis
529 515 725 557 canicula
770 529 876 556 rana
915 514 1026 556 rani-

233 589 378 631 culum

171 661 273 702 Dies
313 660 547 702 secundum
585 659 691 700 artis
731 658 928 714 regulam
968 657 1026 699 fe-

228 732 381 773 minini
408 731 579 787 generis
601 733 668 773 est
689 745 785 772 cum
808 729 1027 786 significat

226 807 398 859 tempus
445 803 536 845 eius
581 802 812 844 diminutio
857 801 1025 843 diecula

228 879 272 917 et
305 875 523 917 ablatiuus
557 889 681 917 casus
713 873 926 929 producta
957 870 1022 928 el)

227 947 377 989 littera
409 947 668 989 terminatus
707 948 756 987 ut
789 946 842 987 ab
877 960 925 987 ac
958 944 1024 985 die

227 1019 279 1060 ab
312 1018 395 1061 hac
426 1034 471 1061 re
505 1019 558 1060 ab
585 1019 667 1060 hac
700 1017 841 1072 specie
873 1032 1026 1058 uerum

227 1090 467 1132 masculino
513 1104 667 1145 genere
710 1089 938 1131 dicendum
981 1089 1027 1130 in

228 1162 344 1203 trina
377 1161 684 1204 obseruatione
716 1162 954 1203 retinemus
982 1161 1026 1201 in

228 1233 438 1288 qualitate
471 1248 650 1275 numero
685 1232 891 1275 aduerbio
926 1248 1025 1288 qua-

225 1305 351 1347 litate
395 1308 444 1347 ut
490 1320 666 1347 serenus
709 1305 798 1346 dies
843 1319 1023 1346 numero

227 1392 376 1419 serena
419 1392 599 1419 numero
640 1380 715 1419 aut
760 1377 828 1418 bis
868 1376 1023 1431 quinos

226 1448 327 1490 silet
372 1449 443 1490 ille
488 1444 578 1491 dies
622 1464 710 1491 non
755 1448 823 1490 bis
870 1448 1023 1503 quinas

226 1520 432 1562 aduerbio
472 1523 521 1562 ut
552 1521 679 1562 hodie
717 1535 805 1562 non
842 1520 924 1562 hac
957 1520 1023 1561 die

226 1594 417 1634 ceterum
445 1592 613 1634 diecula
641 1591 752 1633 nihil
784 1592 1026 1647 preiudjcat

227 1664 301 1718 qui
332 1664 443 1705 nihil
475 1664 737 1705 diminutiua
768 1664 974 1706 recedunt
1001 1679 1025 1705 a

225 1735 476 1777 nominibus
522 1735 659 1790 prime
705 1736 936 1790 positionis
976 1739 1025 1777 ut

226 1810 398 1849 scutum
449 1807 620 1849 scutula
672 1807 856 1849 scutella
906 1807 1024 1849 canis

225 1879 421 1920 canicula
452 1894 558 1920 rana
590 1879 809 1921 ranuculis

165 1948 367 2005 Digamie
399 1953 472 2005 tue
499 1951 565 1992 illi
591 1951 749 1993 dicitur
777 1950 851 2007 qui
877 1966 1024 1993 secun-

225 2021 324 2063 dam
356 2037 535 2064 uxorem
567 2022 722 2063 habuit

165 2090 381 2148 Digamus
409 2094 618 2135 secundae
642 2095 789 2136 uxoris
817 2095 885 2136 uir
912 2095 1024 2137 idest

225 2164 445 2219 duplicata
477 2165 757 2207 matrimonio

682 120 916 155 PLACIDVS
941 119 1071 154 LIBRI
1098 121 1388 156 GLOSSARVM

1123 246 1267 273 rerum
1282 229 1467 286 digestio
1487 231 1557 271 uel
1579 231 1795 285 separatio
1810 231 1921 273 unde

1124 302 1405 358 discriptores
1437 302 1640 344 dicuntur
1678 302 1752 357 qui
1788 317 1922 357 popu-
1982 306 1987 311 '

1123 374 1214 416 lum
1251 389 1328 429 per
1361 366 1577 415 centarias'
1607 376 1651 415 et
1689 373 1830 415 tribus
1863 374 1922 415 di—

1123 447 1279 487 uidunt

1064 516 1263 574 Di1·iuo‘“')
1305 516 1441 559 diruis
1481 516 1616 558 diluid
1656 532 1790 571 quum
1834 533 1920 560 uno

1123 605 1144 630 r
1177 590 1360 631 dicimus
1393 586 1515 645 (Cic.)

1063 661 1289 716 Disceptio
1322 660 1530 702 iudicium

1062 732 1411 776 Discerniculum
1436 736 1740 775 ornamentum
1766 733 1921 788 capitis
1943 746 1975 770 ιο

1122 805 1307 861 uirginis

1064 877 1313 919 Discretum
1345 877 1534 919 diuisum
1569 879 1819 931 separatum

1063 949 1312 991 Discrimen
1325 949 1559 1004 aliquando
1574 948 1758 990 duarum
1777 963 1922 990 rerum

1124 1020 1443 1076 separationem
1482 1019 1674 1062 ostendit
1707 1034 1787 1074 que
1827 1033 1923 1061 cou-

1123 1092 1273 1134 iuncta
1311 1107 1403 1134 esse
1449 1094 1634 1147 possunt
1676 1094 1727 1132 ut
1768 1093 1836 1132 est
1879 1091 1923 1132 in

1125 1165 1391 1206 ornamentis
1424 1165 1656 1206 mulierum
1689 1162 1922 1218 aliquando

1122 1251 1227 1279 uero
1265 1236 1508 1292 periculum
1545 1236 1636 1277 uite
1677 1238 1721 1277 et
1758 1235 1922 1290 kapitis

1123 1299 1190 1365 (de
1214 1306 1289 1365 ql.)

1063 1379 1297 1422 Dissertim
1329 1379 1540 1435 disposite
1573 1379 1749 1435 degeste

1062 1451 1302 1494 Dissiliunt
1333 1455 1453 1493 utres
1486 1454 1744 1506 rumpentur

1062 1523 1263 1579 Disipere
1302 1539 1380 1579 per
1416 1539 1470 1579 pe
1502 1538 1590 1565 non
1626 1538 1703 1578 per
1744 1522 1789 1577 pi
1822 1521 1923 1564 scri·
1944 1534 1977 1561 15

1122 1596 1242 1637 bitur
1425 1640 1432 1647 ,

1062 1666 1324 1722 Disliquidis
1364 1668 1445 1709 diis
1490 1666 1731 1722 prespicuis
1770 1666 1813 1707 id
1855 1668 1923 1707 est

1122 1742 1173 1781 ut
1216 1740 1384 1794 liqueat
1428 1754 1522 1781 esse
1567 1742 1615 1780 ut
1657 1741 1724 1779 est
1768 1738 1833 1779 sol
1878 1740 1922 1779 et

1122 1812 1226 1853 luna

1062 1883 1343 1925 Dismirando
1377 1883 1599 1925 emirando

1061 1954 1277 2010 Dispudes
1311 1969 1446 2010 genus
1481 1953 1748 2010 serpentium

1061 2025 1308 2082 Dispescite
1343 2028 1539 2080 separate
1572 2026 1641 2067 uel
1675 2025 1890 2081 seiungite

1062 2097 1345 2152 Dispuditum
1376 2097 1548 2152 pudiuit
1580 2097 1715 2139 rubur
1746 2097 1831 2138 fuit
1939 2111 1974 2136 20

1061 2168 1240 2224 Dispuit
1271 2169 1478 2224 impletur

1062 2240 1297 2283 Diuersum
1328 2241 1596 2283 indiuersum
1631 2240 1900 2283 contrarium

129 2257 145 2273 ›
164 2234 348 2290 Diplora
379 2237 521 2279 diuisa
552 2238 622 2279 uel
655 2240 856 2292 separata

164 2306 371 2350 Dirimito
399 2313 595 2351 reserant
616 2310 689 2364 qui
716 2309 925 2365 suffragia
949 2324 1022 2364 po-

223 2379 317 2434 puli
337 2380 381 2421 in
398 2381 560 2423 tabulis
580 2381 745 2436 scripta
761 2381 1024 2436 reparabant

164 2449 356 2492 Diriuita
387 2452 558 2508 digesta
590 2454 664 2507 uel
692 2455 894 2508 separata
925 2453 1023 2494 diri-

224 2523 334 2565 uitio
392 2524 507 2567 enim
563 2525 721 2567 dicitur
777 2525 1022 2580 aliquarum

1061 2311 1285 2354 Diuidiose
1317 2313 1525 2355 molestes

1061 2383 1270 2425 Diuinum
1326 2384 1483 2426 uitium
1540 2399 1637 2426 cum
1691 2383 1919 2439 inpediunt

1121 2455 1310 2510 auspitia
1324 2456 1540 2498 actionem
1555 2445 1793 2511 auspitium
1805 2455 1918 2510 quod

1122 2527 1195 2581 qui
1217 2527 1377 2569 secutis
1398 2543 1603 2583 prospere
1624 2543 1716 2569 rem
1733 2527 1920 2583 regisset

263 2666 297 2710 1)
330 2676 349 2699 e
375 2677 420 2700 eoe
446 2667 503 2701 est
528 2677 619 2702 corr.
651 2668 663 2711 ΙΙ
701 2668 738 2711 2)
771 2677 861 2702 corr.
888 2667 939 2702 iaz.
955 2666 1070 2701 Diruo
1102 2669 1114 2713 ΙΙ

718 2775 750 2799 ni

263 2812 293 2844 1.
322 2821 435 2854 quam
460 2808 556 2844 m‘hil
579 2811 583 2854 1
614 2809 810 2843 anomibus
833 2811 838 2854 1
866 2809 1055 2844 raniculus
1084 2811 1096 2855 ΙΙ
1128 2814 1158 2844 2.
1188 2810 1392 2846 diminucio
1413 2812 1419 2856 1
1440 2810 1694 2858 terminatur]
1721 2811 1792 2846 hac
1819 2809 1880 2845 die
1909 2810 1914 2858 Ι

166 2869 419 2904 reseruatioue
443 2872 447 2913 Ι
478 2871 544 2903 aut
567 2868 643 2915 bis]
671 2869 714 2903 ut
740 2868 786 2902 ab
814 2868 872 2902 his
895 2871 900 2912 1
929 2868 1063 2913 quinus
1091 2869 1271 2904 aduerbio
1297 2870 1408 2905 hodie
1431 2873 1435 2912 ἷ
1466 2869 1629 2905 diiecula
1651 2871 1656 2917 Ι
1678 2869 1881 2915 posicionis
1909 2871 1914 2916 Ι

167 2928 392 2962 ranunculus
413 2930 424 2974 ΙΙ
445 2932 475 2964 3.
503 2930 566 2976 tuo
588 2940 654 2963 om.
675 2930 686 2973 ΙΙ
707 2931 738 2963 5.
766 2927 921 2972 Diplosa
940 2931 951 2973 ΙΙ
973 2932 1002 2963 7.
1030 2927 1202 2963 diriuicio
1226 2932 1230 2974 1
1254 2929 1420 2976 digescio
1443 2932 1448 2972 1
1471 2929 1659 2964 centurias
1680 2931 1691 2974 ΙΙ
1711 2933 1742 2964 8.
1770 2929 1885 2964 Diruo
1909 2928 1914 2974 Ι

168 2986 283 3021 dimit
317 2991 321 3030 1
357 2988 401 3022 de
428 2988 477 3033 gl.
505 2989 579 3023 eod.
612 2990 623 3032 ΙΙ
656 2990 686 3023 9.
714 2986 948 3032 Disceptatio
980 2991 991 3032 u
1024 2991 1078 3022 10.
1111 2987 1252 3033 kapitis
1286 2991 1297 3034 ΙΙ
1331 2993 1385 3024 14.
1418 2989 1630 3024 Dissiluunt
1668 2991 1677 3035 ,ζ
1717 2992 1771 3024 15.
1798 2987 1915 3023 Dissi—

166 3048 284 3092 peren
312 3050 365 3082 16,
394 3047 473 3081 dies
496 3050 500 3093 Ι
523 3046 710 3092 precipuis
730 3049 742 3092 ΙΙ
770 3051 825 3082 20.
853 3047 966 3081 rubor
990 3049 1002 3092 ΙΙ
1030 3051 1086 3083 24.
1114 3047 1389 3083 Diminutiuum
1415 3060 1500 3084 cum
1523 3051 1527 3095 1
1550 3048 1741 3094 inpidiunt
1762 3050 1767 3094 Ι
1791 3046 1914 3093 auspi-

169 3106 254 3151 cia}
283 3106 493 3151 auspicium
522 3110 534 3151 ll
