2221 3490
259 149 347 190 654

318 259 427 300 culis
467 258 555 300 suis
598 258 710 298 unde
752 257 1001 299 clustellum
1043 255 1113 310 (ql.

317 332 362 370 in
387 344 515 383 marg).
542 330 633 371 add.
660 343 712 370 m.
727 326 772 384 1)

258 399 508 456 Corybanta
539 400 756 441 lunaticus

257 471 417 514 Cossus
448 472 682 513 aduocatus

257 542 381 586 Cossi
418 558 588 584 uermes
625 543 669 584 in
708 542 829 598 ligno
864 557 972 596 quos
1006 545 1113 584 tere-

315 616 447 657 dones
480 617 640 656 uocant

256 687 441 730 Cottane
474 701 606 728 nuces
638 686 708 727 uel
742 686 879 728 carice
913 700 1045 740 parue

217 772 231 795 3
253 758 489 801 Cucurbita
521 761 705 799 uentosa

252 830 435 886 Cybeles
486 832 628 871 mater
672 830 799 871 deum
845 829 912 871 cui
958 829 1110 884 cynedi

312 903 508 944 seruiunt

252 974 415 1030 Cynedi
455 974 528 1028 qui
573 973 771 1028 publicae
811 973 982 1014 clunem
1022 972 1110 1027 agi-

311 1049 407 1087 tant
446 1045 559 1087 idest
593 1045 826 1086 saltatores
855 1043 925 1086 uel
957 1046 1108 1099 panto-

310 1117 433 1159 mimi
461 1116 548 1173 (id.
570 1150 602 1158 ..
624 1119 815 1172 pantom.
842 1117 934 1158 add.
961 1116 1014 1157 al.
1036 1113 1108 1171 m.)

252 1188 383 1231 Cittis
424 1191 467 1230 et
509 1188 656 1244 granis
695 1188 854 1243 punica
892 1187 1007 1228 mala
1048 1201 1109 1228 re-

308 1260 422 1302 ferta
455 1263 557 1302 sunt
890 1266 897 1272 '

251 1332 364 1375 Cirri
397 1331 544 1387 capilli
576 1347 664 1373 non
696 1331 823 1373 incisi

197 1418 229 1441 10
251 1404 471 1446 Gabulum
503 1404 546 1445 id
579 1407 644 1445 est
678 1418 781 1444 crux
813 1400 877 1458 (id
907 1406 973 1444 est
1006 1416 1110 1443 crux

308 1490 506 1530 superscr.
540 1475 592 1517 αῖ.
632 1489 684 1516 m.
723 1475 936 1528 expunctis
977 1473 1108 1515 verbis

309 1563 426 1590 mors
459 1548 573 1589 forte
607 1547 784 1600 dicitur>

251 1620 366 1662 Galli
400 1620 472 1674 qui
505 1620 693 1680 uerenda
730 1633 818 1659 non
851 1618 1014 1660 habent
1049 1617 1106 1658 di-

309 1696 468 1734 cuntur

249 1763 435 1806 Genium
472 1763 677 1818 uoluptas
718 1764 864 1804 custos
907 1761 1107 1803 defensor

308 1836 448 1878 tutela
481 1834 554 1892 (ql.
589 1836 632 1876 m
663 1835 746 1876 imo
778 1834 967 1887 maryine
993 1830 1107 1887 add.)

251 1907 382 1949 Gerre
428 1921 542 1962 nuge
587 1909 630 1947 et
674 1905 864 1960 ineptiae
909 1905 1021 1946 unde
1065 1907 1108 1945 et

309 1993 513 2035 gerrones
548 1978 751 2019 dicuntur

250 2050 351 2093 Geti
383 2051 585 2093 dicuntur
618 2049 744 2105 gothi

199 2136 230 2160 15
253 2121 390 2164 Gessa
423 2123 597 2164 lanceae

251 2193 392 2235 Gutus
426 2194 618 2249 ampulla
655 2192 800 2234 breuis
835 2207 859 2232 a
891 2190 1107 2240 breuitate

309 2266 426 2308 dicta
458 2266 503 2306 in
536 2280 622 2320 quo
657 2265 800 2306 oleum
832 2263 970 2304 fertur

252 2337 432 2379 Glumas
466 2340 665 2393 segetum
699 2334 945 2390 manipulos

251 2407 409 2450 Glumo
443 2409 615 2450 excorio

251 2479 472 2522 Sabburra
505 2478 552 2536 (b
586 2480 657 2521 alt.
683 2493 713 2521 8.
739 2476 836 2533 scr.)
871 2477 1033 2518 harena
1066 2479 1109 2517 et

307 2555 433 2606 petra
461 2552 673 2593 sabburra
694 2551 863 2592 sarcina
885 2548 1109 2603 suppellex

309 2621 487 2678 (ancora
520 2624 612 2664 add.
646 2623 740 2664 add.
773 2623 826 2664 al.
861 2619 932 2676 m.)

196 2709 229 2733 20
252 2693 392 2735 Salios
424 2693 593 2736 nobiles

252 2765 487 2820 Sandapila
517 2765 728 2807 feretrum

252 2836 480 2879 Sarrae-um
513 2851 649 2893 genus
682 2836 872 2877 uehiculi
900 2850 997 2877 cum
1029 2834 1107 2875 hu-

310 2909 487 2950 milibus
521 2911 565 2950 et
599 2907 749 2949 solidis
782 2907 892 2948 rotis

253 2978 376 3021 Scale
392 2980 594 3021 dicuntur
611 2977 740 3020 foruli
752 2978 822 3019 uel
838 2978 1025 3023 armaria
1040 2979 1108 3019 ad-

311 3054 566 3092 uocatorum
588 3065 696 3105 quae
723 3050 966 3104 palmarum
989 3049 1107 3091 foliis

313 3125 521 3164 ornantur
534 3137 631 3164 cum
645 3121 712 3163 illi
732 3136 906 3163 causam
920 3120 1108 3163 uicerint

832 147 1047 183 GLOSSAE
1073 148 1445 183 IVVENALIANAE

1153 255 1376 299 Scantinia
1407 257 1477 298 lex
1508 257 1559 298 de
1592 256 1754 298 cinedis

1153 327 1357 382 Scapium
1389 343 1467 370 uas
1500 328 1694 383 turpium
1728 332 1848 385 (corr.
1875 330 1928 371 al.
1955 343 2009 371 m.
2031 340 2065 366 25

1211 400 1357 454 turpe)
1415 400 1468 441 acl
1519 400 1684 442 uentris
1734 400 2009 442 necessitatis

1211 469 1332 529 (corr.
1352 472 1405 513 αἶ.
1426 486 1477 512 m.
1504 469 1831 528 necessitatem)
1859 474 2010 527 aptum

1153 543 1439 586 Secmentatis
1472 543 1628 585 fruetis
1662 543 1731 584 uel
1764 543 1895 585 textis

1154 614 1334 657 Sentina
1373 630 1486 670 aqua
1523 615 1649 656 nauis
1687 617 1848 669 putans
1888 612 2009 672 (corr.

1209 685 1386 742 putens)

1151 758 1375 814 Sergiolus
1409 758 1627 814 gladiator

1151 829 1358 885 Seriphos
1394 828 1622 884 (Seriphus
1649 833 1697 871 ut
1720 829 1878 871 videtur
1906 843 2006 872 corr.

1207 917 1274 944 -os
1298 902 1443 955 priore
1475 901 1575 957 loco)
1608 901 1752 942 insula

1150 973 1332 1028 Seripho
1368 971 1523 1014 ciuitas
1556 973 1702 1015 breuis
2028 984 2063 1008 30

1150 1044 1361 1087 Sestertia
1392 1044 1436 1085 id
1469 1047 1536 1086 est
1569 1059 1643 1086 sex
1674 1043 1810 1085 libras
1842 1043 2006 1085 habens

1208 1117 1322 1172 quod
1355 1116 1531 1157 difficile
1565 1115 1711 1157 euenit

1150 1188 1303 1231 Sirena
1323 1187 1612 1230 delectatione
1634 1189 1775 1229 sortes
1797 1201 2007 1242 responsa

1150 1261 1318 1316 Squilla
1358 1274 1493 1316 genus
1532 1259 1665 1314 piscis
1699 1259 1909 1314 deliquati
1942 1257 2009 1316 (ut

1208 1334 1367 1375 videtur
1402 1346 1501 1374 corr.
1536 1329 1731 1386 delicati)

1150 1404 1391 1447 Stemmata
1418 1402 1609 1445 familiae
1637 1401 1871 1457 descriptio
1900 1416 2008 1456 quae

1209 1479 1251 1518 et
1284 1475 1542 1532 genealogia
1575 1474 1736 1516 dicitur

1149 1547 1320 1590 Subura
1338 1547 1495 1588 ultima
1514 1560 1615 1601 pars
1631 1544 1752 1587 urbis
1773 1545 1849 1587 ubi
1864 1544 2006 1599 primo
2027 1556 2062 1581 35

1208 1634 1390 1674 corpora
1428 1617 1667 1659 urebantur
1705 1616 1749 1658 id
1782 1619 1849 1658 est
1884 1616 2007 1658 locus

1205 1707 1332 1746 asper
1353 1693 1396 1732 et
1418 1703 1598 1732 saxosus
1621 1703 1697 1730 seu
1716 1688 1864 1742 platea
1885 1687 2007 1729 urbis

1148 1763 1357 1806 Sulmona
1389 1761 1546 1803 ciuitas
1582 1759 1740 1801 samnii

1149 1833 1310 1877 Sumen
1341 1836 1494 1875 uenter
1526 1846 1683 1887 porcae

1149 1905 1349 1948 Subleuit
1381 1904 1522 1946 illusit
1555 1901 1626 1960 (ql.
1660 1904 1704 1944 in
1736 1917 1865 1957 wamy.
1893 1901 2007 1958 add.)

1149 1977 1395 2033 Sinphacen
1428 1990 1576 2032 regem
1605 1974 1769 2016 ¹africae

1149 2048 1331 2091 Sinocus
1364 2048 1498 2090 febris
1531 2047 1647 2103 iugis
1680 2046 1772 2087 sine
1804 2045 1952 2101 requie
2024 2056 2059 2081 40

1149 2121 1303 2164 Obiter
1336 2121 1380 2162 id
1412 2122 1479 2161 est
1513 2119 1642 2161 simul

1149 2193 1311 2235 Occare
1362 2191 1530 2246 operire
1581 2190 1693 2232 unde
1745 2189 1912 2231 occatio
1963 2191 2007 2230 et

1207 2279 1333 2306 occae
1364 2263 1409 2304 id
1448 2264 1515 2304 est
1549 2261 1819 2317 operimenta
1857 2259 1928 2316 (ql.
1959 2260 2007 2302 in

1206 2349 1335 2389 mary.
1368 2335 1461 2376 add.
1493 2348 1545 2375 m.
1561 2331 1604 2389 1)

1148 2407 1339 2463 Ogulnia
1371 2406 1526 2447 mulier
1557 2419 1723 2460 pauper

1148 2478 1246 2520 Orti
1286 2478 1401 2519 enim
1441 2480 1484 2519 et
1531 2477 1728 2532 pomaria
1766 2475 2006 2530 phaeacum

1208 2550 1261 2591 ab
1295 2549 1474 2591 homero
1508 2549 1745 2590 laudantur
1777 2547 1884 2589 satis

1149 2621 1291 2676 Oppia
1323 2621 1479 2662 mulier
1512 2620 1699 2661 obscena
2023 2628 2058 2653 45

1148 2692 1282 2747 Opice
1314 2692 1358 2733 id
1391 2694 1458 2733 est
1490 2705 1613 2733 sacra

1147 2762 1271 2818 Opici
1310 2778 1453 2804 mures
1492 2762 1536 2803 id
1576 2764 1643 2803 est
1679 2775 1850 2803 rosores
1889 2760 2005 2801 litte-

1206 2850 1352 2876 rarum
1374 2867 1382 2876 .
1405 2834 1549 2889 opiein
1600 2832 1759 2875 dicitur
1810 2831 2004 2873 minuere

1206 2906 1402 2947 litteram
1432 2904 1639 2960 loquendi

1148 2977 1301 3019 Orexis
1354 2975 1608 3019 commestio
1651 2978 1695 3017 et
1742 2973 2002 3016 desiderium

1207 3048 1280 3103 qui
1303 3052 1425 3089 extra
1450 3050 1654 3088 naturam
1680 3047 1749 3088 uel
1777 3048 2004 3088 consuetu-

1205 3119 1349 3161 dinem
1383 3118 1569 3173 amplius
1600 3117 1789 3160 comedit
