<?xml version="1.0" encoding="UTF-8"?>
<!DOCTYPE html PUBLIC "-//W3C//DTD XHTML 1.0 Transitional//EN"
    "http://www.w3.org/TR/xhtml1/DTD/xhtml1-transitional.dtd">
<html xmlns="http://www.w3.org/1999/xhtml" xml:lang="en" lang="en">
 <head>
  <title>
</title>
<meta http-equiv="Content-Type" content="text/html;charset=utf-8" />
  <meta name='ocr-system' content='tesseract 3.04.00' />
  <meta name='ocr-capabilities' content='ocr_page ocr_carea ocr_par ocr_line ocrx_word'/>
</head>
<body>
  <div class='ocr_page' id='page_1' title='image "./corpusglossarior05linduoft/corpusglossarior05linduoft_0519.png"; bbox 0 0 2221 3490; ppageno 0'>
   <div class='ocr_carea' id='block_1_1' title="bbox 775 129 1453 166">
    <p class='ocr_par' dir='ltr' id='par_1_1' title="bbox 775 129 1453 166">
     <span class='ocr_line' id='line_1_1' title="bbox 775 129 1453 166; baseline 0 -2"><span class='ocrx_word' id='word_1_1' title='bbox 775 129 1032 165; x_wconf 79' lang='lat' dir='ltr'><strong>EXOERPTA</strong></span> <span class='ocrx_word' id='word_1_2' title='bbox 1059 129 1124 164; x_wconf 83' lang='lat' dir='ltr'>EX</span> <span class='ocrx_word' id='word_1_3' title='bbox 1150 130 1342 166; x_wconf 71' lang='lat' dir='ltr'>GLOSSIS</span> <span class='ocrx_word' id='word_1_4' title='bbox 1370 131 1399 165; x_wconf 78' lang='lat' dir='ltr'><strong>A</strong></span> <span class='ocrx_word' id='word_1_5' title='bbox 1421 131 1453 164; x_wconf 78' lang='lat' dir='ltr'>A</span> 
     </span>
    </p>
   </div>
   <div class='ocr_carea' id='block_1_2' title="bbox 188 238 1103 2963">
    <p class='ocr_par' dir='ltr' id='par_1_2' title="bbox 188 238 1103 2963">
     <span class='ocr_line' id='line_1_2' title="bbox 241 238 803 296; baseline 0.002 -15"><span class='ocrx_word' id='word_1_6' title='bbox 241 238 503 295; x_wconf 83' lang='lat' dir='ltr'>Prospicans</span> <span class='ocrx_word' id='word_1_7' title='bbox 535 240 803 296; x_wconf 78' lang='lat' dir='ltr'>prospiciens</span> 
     </span>
     <span class='ocr_line' id='line_1_3' title="bbox 242 311 694 367; baseline 0.002 -15"><span class='ocrx_word' id='word_1_8' title='bbox 242 311 458 367; x_wconf 84' lang='lat' dir='ltr'>Prospera</span> <span class='ocrx_word' id='word_1_9' title='bbox 490 312 694 354; x_wconf 87' lang='lat' dir='ltr'>diuturna</span> 
     </span>
     <span class='ocr_line' id='line_1_4' title="bbox 241 375 1071 439; baseline 0.001 -15"><span class='ocrx_word' id='word_1_10' title='bbox 241 375 682 439; x_wconf 84' lang='lat' dir='ltr'>Prosperecesserunt</span> <span class='ocrx_word' id='word_1_11' title='bbox 714 384 823 426; x_wconf 91' lang='lat' dir='ltr'>bene</span> <span class='ocrx_word' id='word_1_12' title='bbox 856 386 1071 425; x_wconf 81' lang='lat' dir='ltr'>uenerunt</span> 
     </span>
     <span class='ocr_line' id='line_1_5' title="bbox 242 454 744 498; baseline 0.002 -2"><span class='ocrx_word' id='word_1_13' title='bbox 242 454 490 498; x_wconf 88' lang='lat' dir='ltr'>Protinium</span> <span class='ocrx_word' id='word_1_14' title='bbox 523 455 744 498; x_wconf 86' lang='lat' dir='ltr'>theatrum</span> 
     </span>
     <span class='ocr_line' id='line_1_6' title="bbox 206 525 1057 584; baseline 0.004 -19"><span class='ocrx_word' id='word_1_15' title='bbox 206 538 222 564; x_wconf 90' lang='lat'>5</span> <span class='ocrx_word' id='word_1_16' title='bbox 242 525 501 569; x_wconf 82' lang='lat' dir='ltr'>Protextum</span> <span class='ocrx_word' id='word_1_17' title='bbox 532 528 778 584; x_wconf 85' lang='lat' dir='ltr'>figuraliter</span> <span class='ocrx_word' id='word_1_18' title='bbox 809 527 879 569; x_wconf 91' lang='lat' dir='ltr'>uel</span> <span class='ocrx_word' id='word_1_19' title='bbox 913 542 1057 570; x_wconf 86' lang='lat' dir='ltr'>scema</span> 
     </span>
     <span class='ocr_line' id='line_1_7' title="bbox 246 597 867 654; baseline 0.002 -15"><span class='ocrx_word' id='word_1_20' title='bbox 246 597 492 641; x_wconf 73' lang='lat' dir='ltr'>protelatus</span> <span class='ocrx_word' id='word_1_21' title='bbox 524 599 676 654; x_wconf 88' lang='lat' dir='ltr'>procul</span> <span class='ocrx_word' id='word_1_22' title='bbox 709 599 867 641; x_wconf 89' lang='lat' dir='ltr'>missus</span> 
     </span>
     <span class='ocr_line' id='line_1_8' title="bbox 244 670 730 726; baseline 0.002 -15"><span class='ocrx_word' id='word_1_23' title='bbox 244 670 476 712; x_wconf 79' lang='lat' dir='ltr'>Protexere</span> <span class='ocrx_word' id='word_1_24' title='bbox 509 670 730 726; x_wconf 87' lang='lat' dir='ltr'>cooperire</span> 
     </span>
     <span class='ocr_line' id='line_1_9' title="bbox 243 741 1026 798; baseline 0.003 -15"><span class='ocrx_word' id='word_1_25' title='bbox 243 741 454 784; x_wconf 87' lang='lat' dir='ltr'>Prouehit</span> <span class='ocrx_word' id='word_1_26' title='bbox 485 745 717 797; x_wconf 89' lang='lat' dir='ltr'>promouet</span> <span class='ocrx_word' id='word_1_27' title='bbox 751 757 827 784; x_wconf 88' lang='lat' dir='ltr'>seu</span> <span class='ocrx_word' id='word_1_28' title='bbox 859 743 1026 798; x_wconf 85' lang='lat' dir='ltr'>profert</span> 
     </span>
     <span class='ocr_line' id='line_1_10' title="bbox 242 813 1103 870; baseline 0.001 -14"><span class='ocrx_word' id='word_1_29' title='bbox 242 813 463 856; x_wconf 89' lang='lat' dir='ltr'>Prouenta</span> <span class='ocrx_word' id='word_1_30' title='bbox 495 817 598 856; x_wconf 89' lang='lat' dir='ltr'>sunt</span> <span class='ocrx_word' id='word_1_31' title='bbox 628 817 852 856; x_wconf 88' lang='lat' dir='ltr'>antemota</span> <span class='ocrx_word' id='word_1_32' title='bbox 878 818 980 856; x_wconf 90' lang='lat' dir='ltr'>sunt</span> <span class='ocrx_word' id='word_1_33' title='bbox 1006 830 1103 870; x_wconf 89' lang='lat' dir='ltr'>pro·</span> 
     </span>
     <span class='ocr_line' id='line_1_11' title="bbox 302 888 559 928; baseline 0.004 -1"><span class='ocrx_word' id='word_1_34' title='bbox 302 888 423 927; x_wconf 90' lang='lat' dir='ltr'>mota</span> <span class='ocrx_word' id='word_1_35' title='bbox 455 889 559 928; x_wconf 89' lang='lat' dir='ltr'>sunt</span> 
     </span>
     <span class='ocr_line' id='line_1_12' title="bbox 189 957 994 1015; baseline 0.005 -18"><span class='ocrx_word' id='word_1_36' title='bbox 189 973 222 997; x_wconf 78' lang='lat'>10</span> <span class='ocrx_word' id='word_1_37' title='bbox 243 957 438 1000; x_wconf 88' lang='lat' dir='ltr'>Prouilio</span> <span class='ocrx_word' id='word_1_38' title='bbox 470 957 672 1014; x_wconf 72' lang='lat' dir='ltr'>portione</span> <span class='ocrx_word' id='word_1_39' title='bbox 707 959 803 1014; x_wconf 87' lang='lat' dir='ltr'>quis</span> <span class='ocrx_word' id='word_1_40' title='bbox 835 974 915 1015; x_wconf 89' lang='lat' dir='ltr'>pro</span> <span class='ocrx_word' id='word_1_41' title='bbox 950 974 994 1001; x_wconf 87' lang='lat' dir='ltr'>se</span> 
     </span>
     <span class='ocr_line' id='line_1_13' title="bbox 241 1028 855 1074; baseline 0.007 -4"><span class='ocrx_word' id='word_1_42' title='bbox 241 1028 436 1072; x_wconf 88' lang='lat' dir='ltr'>Probeor</span> <span class='ocrx_word' id='word_1_43' title='bbox 466 1030 608 1074; x_wconf 86' lang='lat' dir='ltr'>honor</span> <span class='ocrx_word' id='word_1_44' title='bbox 641 1035 684 1074; x_wconf 90' lang='lat' dir='ltr'>et</span> <span class='ocrx_word' id='word_1_45' title='bbox 717 1033 855 1074; x_wconf 85' lang='lat' dir='ltr'>donor</span> 
     </span>
     <span class='ocr_line' id='line_1_14' title="bbox 242 1100 875 1146; baseline 0.006 -4"><span class='ocrx_word' id='word_1_46' title='bbox 242 1100 573 1145; x_wconf 87' lang='lat' dir='ltr'>Prouidentiore</span> <span class='ocrx_word' id='word_1_47' title='bbox 606 1104 875 1146; x_wconf 88' lang='lat' dir='ltr'>consulciore</span> 
     </span>
     <span class='ocr_line' id='line_1_15' title="bbox 241 1161 1031 1231; baseline 0.004 -17"><span class='ocrx_word' id='word_1_48' title='bbox 241 1171 494 1216; x_wconf 84' lang='lat' dir='ltr'>Prouanum</span> <span class='ocrx_word' id='word_1_49' title='bbox 526 1190 628 1218; x_wconf 83' lang='lat' dir='ltr'>aues</span> <span class='ocrx_word' id='word_1_50' title='bbox 660 1178 787 1231; x_wconf 81' lang='lat' dir='ltr'>parui</span> <span class='ocrx_word' id='word_1_51' title='bbox 818 1161 1031 1231; x_wconf 82' lang='lat' dir='ltr'>pendetur</span> 
     </span>
     <span class='ocr_line' id='line_1_16' title="bbox 242 1245 857 1303; baseline 0.007 -17"><span class='ocrx_word' id='word_1_52' title='bbox 242 1245 435 1288; x_wconf 88' lang='lat' dir='ltr'>Puberta</span> <span class='ocrx_word' id='word_1_53' title='bbox 467 1248 616 1289; x_wconf 84' lang='lat' dir='ltr'>adulta</span> <span class='ocrx_word' id='word_1_54' title='bbox 646 1248 857 1303; x_wconf 88' lang='lat' dir='ltr'>nuptialis</span> 
     </span>
     <span class='ocr_line' id='line_1_17' title="bbox 190 1315 1102 1374; baseline 0.004 -17"><span class='ocrx_word' id='word_1_55' title='bbox 190 1332 221 1357; x_wconf 88' lang='lat'>15</span> <span class='ocrx_word' id='word_1_56' title='bbox 241 1315 483 1360; x_wconf 75' lang='lat' dir='ltr'>Pubesccre</span> <span class='ocrx_word' id='word_1_57' title='bbox 520 1334 794 1374; x_wconf 86' lang='lat' dir='ltr'>percrescere</span> <span class='ocrx_word' id='word_1_58' title='bbox 833 1319 1102 1361; x_wconf 86' lang='lat' dir='ltr'>iuueniscere</span> 
     </span>
     <span class='ocr_line' id='line_1_18' title="bbox 243 1388 1101 1448; baseline 0.003 -18"><span class='ocrx_word' id='word_1_59' title='bbox 243 1388 386 1431; x_wconf 88' lang='lat' dir='ltr'>Pubes</span> <span class='ocrx_word' id='word_1_60' title='bbox 407 1390 612 1434; x_wconf 88' lang='lat' dir='ltr'>iuuentus</span> <span class='ocrx_word' id='word_1_61' title='bbox 635 1393 709 1448; x_wconf 87' lang='lat' dir='ltr'>qui</span> <span class='ocrx_word' id='word_1_62' title='bbox 733 1407 882 1434; x_wconf 90' lang='lat' dir='ltr'>semen</span> <span class='ocrx_word' id='word_1_63' title='bbox 902 1392 1101 1434; x_wconf 89' lang='lat' dir='ltr'>emittere</span> 
     </span>
     <span class='ocr_line' id='line_1_19' title="bbox 301 1461 810 1519; baseline 0.008 -17"><span class='ocrx_word' id='word_1_64' title='bbox 301 1461 372 1503; x_wconf 91' lang='lat' dir='ltr'>uel</span> <span class='ocrx_word' id='word_1_65' title='bbox 405 1463 630 1519; x_wconf 80' lang='lat' dir='ltr'>concipere</span> <span class='ocrx_word' id='word_1_66' title='bbox 661 1467 810 1519; x_wconf 84' lang='lat' dir='ltr'>potest</span> 
     </span>
     <span class='ocr_line' id='line_1_20' title="bbox 240 1532 818 1578; baseline 0.007 -4"><span class='ocrx_word' id='word_1_67' title='bbox 240 1532 520 1577; x_wconf 84' lang='lat' dir='ltr'>Pudicundus</span> <span class='ocrx_word' id='word_1_68' title='bbox 553 1537 818 1578; x_wconf 88' lang='lat' dir='ltr'>uerecundus</span> 
     </span>
     <span class='ocr_line' id='line_1_21' title="bbox 240 1605 996 1664; baseline 0.005 -18"><span class='ocrx_word' id='word_1_69' title='bbox 240 1605 454 1649; x_wconf 88' lang='lat' dir='ltr'>Puellaris</span> <span class='ocrx_word' id='word_1_70' title='bbox 488 1608 631 1650; x_wconf 88' lang='lat' dir='ltr'>cultus</span> <span class='ocrx_word' id='word_1_71' title='bbox 665 1608 822 1650; x_wconf 89' lang='lat' dir='ltr'>similis</span> <span class='ocrx_word' id='word_1_72' title='bbox 854 1609 996 1664; x_wconf 89' lang='lat' dir='ltr'>puelle</span> 
     </span>
     <span class='ocr_line' id='line_1_22' title="bbox 240 1665 1101 1736; baseline 0.002 -17"><span class='ocrx_word' id='word_1_73' title='bbox 240 1665 479 1734; x_wconf 35' lang='lat' dir='ltr'>Puer-pera·</span> <span class='ocrx_word' id='word_1_74' title='bbox 490 1683 642 1735; x_wconf 88' lang='lat' dir='ltr'>partus</span> <span class='ocrx_word' id='word_1_75' title='bbox 675 1681 818 1736; x_wconf 89' lang='lat' dir='ltr'>puelle</span> <span class='ocrx_word' id='word_1_76' title='bbox 852 1681 927 1735; x_wconf 88' lang='lat' dir='ltr'>qui</span> <span class='ocrx_word' id='word_1_77' title='bbox 958 1681 1101 1736; x_wconf 90' lang='lat' dir='ltr'>primo</span> 
     </span>
     <span class='ocr_line' id='line_1_23' title="bbox 300 1753 964 1809; baseline 0.003 -17"><span class='ocrx_word' id='word_1_78' title='bbox 300 1753 475 1805; x_wconf 86' lang='lat' dir='ltr'>partum</span> <span class='ocrx_word' id='word_1_79' title='bbox 508 1753 750 1795; x_wconf 90' lang='lat' dir='ltr'>masculum</span> <span class='ocrx_word' id='word_1_80' title='bbox 783 1756 964 1809; x_wconf 87' lang='lat' dir='ltr'>generat</span> 
     </span>
     <span class='ocr_line' id='line_1_24' title="bbox 188 1821 1101 1881; baseline 0.004 -19"><span class='ocrx_word' id='word_1_81' title='bbox 188 1838 222 1862; x_wconf 76' lang='lat'>20</span> <span class='ocrx_word' id='word_1_82' title='bbox 243 1821 526 1878; x_wconf 81' lang='lat' dir='ltr'>Puerperium</span> <span class='ocrx_word' id='word_1_83' title='bbox 557 1827 711 1880; x_wconf 86' lang='lat' dir='ltr'>partus</span> <span class='ocrx_word' id='word_1_84' title='bbox 738 1840 836 1867; x_wconf 91' lang='lat' dir='ltr'>cum</span> <span class='ocrx_word' id='word_1_85' title='bbox 868 1840 976 1881; x_wconf 90' lang='lat' dir='ltr'>puer</span> <span class='ocrx_word' id='word_1_86' title='bbox 1007 1840 1101 1866; x_wconf 89' lang='lat' dir='ltr'>nas-</span> 
     </span>
     <span class='ocr_line' id='line_1_25' title="bbox 303 1894 416 1937; baseline -0.009 0"><span class='ocrx_word' id='word_1_87' title='bbox 303 1894 416 1937; x_wconf 84' lang='lat' dir='ltr'>citur</span> 
     </span>
     <span class='ocr_line' id='line_1_26' title="bbox 243 1965 863 2023; baseline 0.008 -16"><span class='ocrx_word' id='word_1_88' title='bbox 243 1965 435 2022; x_wconf 89' lang='lat' dir='ltr'>Puerper</span> <span class='ocrx_word' id='word_1_89' title='bbox 465 1983 574 2023; x_wconf 87' lang='lat' dir='ltr'>puer</span> <span class='ocrx_word' id='word_1_90' title='bbox 605 1969 718 2012; x_wconf 90' lang='lat' dir='ltr'>infra</span> <span class='ocrx_word' id='word_1_91' title='bbox 751 1984 863 2011; x_wconf 88' lang='lat' dir='ltr'>anno</span> 
     </span>
     <span class='ocr_line' id='line_1_27' title="bbox 242 2037 992 2098; baseline 0.004 -18"><span class='ocrx_word' id='word_1_92' title='bbox 242 2037 488 2094; x_wconf 87' lang='lat' dir='ltr'>Puerpente</span> <span class='ocrx_word' id='word_1_93' title='bbox 520 2040 754 2098; x_wconf 84' lang='lat' dir='ltr'>uirginitas</span> <span class='ocrx_word' id='word_1_94' title='bbox 787 2042 992 2084; x_wconf 84' lang='lat' dir='ltr'>innocens</span> 
     </span>
     <span class='ocr_line' id='line_1_28' title="bbox 243 2110 1103 2169; baseline 0.002 -17"><span class='ocrx_word' id='word_1_95' title='bbox 243 2110 458 2167; x_wconf 90' lang='lat' dir='ltr'>Puerpere</span> <span class='ocrx_word' id='word_1_96' title='bbox 491 2112 583 2155; x_wconf 88' lang='lat' dir='ltr'>fata</span> <span class='ocrx_word' id='word_1_97' title='bbox 608 2113 654 2155; x_wconf 91' lang='lat' dir='ltr'>in</span> <span class='ocrx_word' id='word_1_98' title='bbox 682 2114 935 2169; x_wconf 85' lang='lat' dir='ltr'>partulenta</span> <span class='ocrx_word' id='word_1_99' title='bbox 961 2114 1030 2155; x_wconf 92' lang='lat' dir='ltr'>uel</span> <span class='ocrx_word' id='word_1_100' title='bbox 1057 2114 1103 2155; x_wconf 91' lang='lat' dir='ltr'>in</span> 
     </span>
     <span class='ocr_line' id='line_1_29' title="bbox 301 2184 672 2239; baseline 0.008 -14"><span class='ocrx_word' id='word_1_101' title='bbox 301 2187 432 2239; x_wconf 87' lang='lat' dir='ltr'>partu</span> <span class='ocrx_word' id='word_1_102' title='bbox 464 2184 672 2228; x_wconf 88' lang='lat' dir='ltr'>instituta</span> 
     </span>
     <span class='ocr_line' id='line_1_30' title="bbox 243 2255 932 2314; baseline 0.007 -18"><span class='ocrx_word' id='word_1_103' title='bbox 243 2255 527 2312; x_wconf 89' lang='lat' dir='ltr'>Puerperium</span> <span class='ocrx_word' id='word_1_104' title='bbox 557 2258 748 2313; x_wconf 90' lang='lat' dir='ltr'>primum</span> <span class='ocrx_word' id='word_1_105' title='bbox 779 2261 932 2314; x_wconf 88' lang='lat' dir='ltr'>partus</span> 
     </span>
     <span class='ocr_line' id='line_1_31' title="bbox 188 2328 1103 2383; baseline 0.007 -16"><span class='ocrx_word' id='word_1_106' title='bbox 188 2342 222 2367; x_wconf 78' lang='lat'>25</span> <span class='ocrx_word' id='word_1_107' title='bbox 243 2328 526 2383; x_wconf 87' lang='lat' dir='ltr'>Puerperium</span> <span class='ocrx_word' id='word_1_108' title='bbox 576 2330 720 2372; x_wconf 86' lang='lat' dir='ltr'>infans</span> <span class='ocrx_word' id='word_1_109' title='bbox 771 2331 817 2372; x_wconf 92' lang='lat' dir='ltr'>in</span> <span class='ocrx_word' id='word_1_110' title='bbox 860 2334 985 2373; x_wconf 88' lang='lat' dir='ltr'>utero</span> <span class='ocrx_word' id='word_1_111' title='bbox 1033 2331 1103 2372; x_wconf 91' lang='lat' dir='ltr'>fir-</span> 
     </span>
     <span class='ocr_line' id='line_1_32' title="bbox 303 2403 448 2443; baseline 0.007 -1"><span class='ocrx_word' id='word_1_112' title='bbox 303 2403 448 2443; x_wconf 85' lang='lat' dir='ltr'>matus</span> 
     </span>
     <span class='ocr_line' id='line_1_33' title="bbox 242 2471 996 2530; baseline 0.004 -16"><span class='ocrx_word' id='word_1_113' title='bbox 242 2471 462 2528; x_wconf 85' lang='lat' dir='ltr'>Puerpera</span> <span class='ocrx_word' id='word_1_114' title='bbox 493 2474 640 2529; x_wconf 90' lang='lat' dir='ltr'>puella</span> <span class='ocrx_word' id='word_1_115' title='bbox 670 2475 812 2530; x_wconf 89' lang='lat' dir='ltr'>prima</span> <span class='ocrx_word' id='word_1_116' title='bbox 842 2478 996 2530; x_wconf 85' lang='lat' dir='ltr'>partus</span> 
     </span>
     <span class='ocr_line' id='line_1_34' title="bbox 242 2543 850 2602; baseline 0.007 -17"><span class='ocrx_word' id='word_1_117' title='bbox 242 2543 511 2600; x_wconf 90' lang='lat' dir='ltr'>Puerperum</span> <span class='ocrx_word' id='word_1_118' title='bbox 543 2549 637 2600; x_wconf 73' lang='lat' dir='ltr'>etas</span> <span class='ocrx_word' id='word_1_119' title='bbox 670 2547 850 2602; x_wconf 90' lang='lat' dir='ltr'>puerilis</span> 
     </span>
     <span class='ocr_line' id='line_1_35' title="bbox 242 2616 942 2674; baseline 0.006 -16"><span class='ocrx_word' id='word_1_120' title='bbox 242 2616 479 2660; x_wconf 90' lang='lat' dir='ltr'>Pueritiole</span> <span class='ocrx_word' id='word_1_121' title='bbox 513 2618 670 2660; x_wconf 85' lang='lat' dir='ltr'>federis</span> <span class='ocrx_word' id='word_1_122' title='bbox 702 2618 942 2674; x_wconf 73' lang='lat' dir='ltr'>portitores</span> 
     </span>
     <span class='ocr_line' id='line_1_36' title="bbox 243 2688 1100 2746; baseline 0.005 -16"><span class='ocrx_word' id='word_1_123' title='bbox 243 2688 383 2745; x_wconf 83' lang='lat' dir='ltr'>Pugio</span> <span class='ocrx_word' id='word_1_124' title='bbox 416 2690 588 2746; x_wconf 83' lang='lat' dir='ltr'>gladius</span> <span class='ocrx_word' id='word_1_125' title='bbox 620 2706 781 2746; x_wconf 89' lang='lat' dir='ltr'>paruus</span> <span class='ocrx_word' id='word_1_126' title='bbox 811 2691 1100 2746; x_wconf 82' lang='lat' dir='ltr'>pacratiarius</span> 
     </span>
     <span class='ocr_line' id='line_1_37' title="bbox 301 2762 534 2817; baseline 0.004 -14"><span class='ocrx_word' id='word_1_127' title='bbox 301 2762 534 2817; x_wconf 86' lang='lat' dir='ltr'>pancharis</span> 
     </span>
     <span class='ocr_line' id='line_1_38' title="bbox 190 2833 1102 2890; baseline 0.005 -17"><span class='ocrx_word' id='word_1_128' title='bbox 190 2847 224 2872; x_wconf 81' lang='lat'>30</span> <span class='ocrx_word' id='word_1_129' title='bbox 244 2833 514 2890; x_wconf 88' lang='lat' dir='ltr'>Pugillarem</span> <span class='ocrx_word' id='word_1_130' title='bbox 546 2850 731 2890; x_wconf 85' lang='lat' dir='ltr'>paruum</span> <span class='ocrx_word' id='word_1_131' title='bbox 757 2835 919 2877; x_wconf 87' lang='lat' dir='ltr'>librum</span> <span class='ocrx_word' id='word_1_132' title='bbox 944 2837 1015 2878; x_wconf 85' lang='lat' dir='ltr'>uel</span> <span class='ocrx_word' id='word_1_133' title='bbox 1041 2840 1102 2878; x_wconf 86' lang='lat' dir='ltr'>ta-</span> 
     </span>
     <span class='ocr_line' id='line_1_39' title="bbox 302 2906 1101 2963; baseline 0.004 -15"><span class='ocrx_word' id='word_1_134' title='bbox 302 2906 429 2949; x_wconf 82' lang='lat' dir='ltr'>bulas</span> <span class='ocrx_word' id='word_1_135' title='bbox 451 2907 525 2962; x_wconf 84' lang='lat' dir='ltr'>qui</span> <span class='ocrx_word' id='word_1_136' title='bbox 545 2921 692 2963; x_wconf 89' lang='lat' dir='ltr'>pugno</span> <span class='ocrx_word' id='word_1_137' title='bbox 714 2907 856 2963; x_wconf 90' lang='lat' dir='ltr'>possis</span> <span class='ocrx_word' id='word_1_138' title='bbox 882 2908 1101 2951; x_wconf 85' lang='lat' dir='ltr'>includere</span> 
     </span>
    </p>
   </div>
   <div class='ocr_carea' id='block_1_3' title="bbox 374 3012 528 3014">
    <p class='ocr_par' dir='ltr' id='par_1_3' title="bbox 374 3012 528 3014">
     <span class='ocr_line' id='line_1_40' title="bbox 374 3012 528 3014; baseline 0 0"><span class='ocrx_word' id='word_1_139' title='bbox 374 3012 528 3014; x_wconf 95' lang='lat' dir='ltr'> </span> 
     </span>
    </p>
   </div>
   <div class='ocr_carea' id='block_1_4' title="bbox 1911 131 1995 172">
    <p class='ocr_par' dir='ltr' id='par_1_4' title="bbox 1911 131 1995 172">
     <span class='ocr_line' id='line_1_41' title="bbox 1911 131 1995 172; baseline 0.012 -1"><span class='ocrx_word' id='word_1_140' title='bbox 1911 131 1995 172; x_wconf 71' lang='lat'>477</span> 
     </span>
    </p>
   </div>
   <div class='ocr_carea' id='block_1_5' title="bbox 1132 240 2055 1588">
    <p class='ocr_par' dir='ltr' id='par_1_5' title="bbox 1140 240 1621 282">
     <span class='ocr_line' id='line_1_42' title="bbox 1140 240 1621 282; baseline 0.002 -1"><span class='ocrx_word' id='word_1_141' title='bbox 1140 240 1291 282; x_wconf 89' lang='lat' dir='ltr'>Pullus</span> <span class='ocrx_word' id='word_1_142' title='bbox 1324 241 1441 282; x_wconf 90' lang='lat' dir='ltr'>filius</span> <span class='ocrx_word' id='word_1_143' title='bbox 1475 240 1621 282; x_wconf 87' lang='lat' dir='ltr'>auium</span> 
     </span>
    </p>

    <p class='ocr_par' dir='ltr' id='par_1_6' title="bbox 1132 311 1793 376">
     <span class='ocr_line' id='line_1_43' title="bbox 1132 311 1793 376; baseline 0.002 -23"><span class='ocrx_word' id='word_1_144' title='bbox 1132 311 1419 376; x_wconf 52' lang='lat' dir='ltr'>pulmentum</span> <span class='ocrx_word' id='word_1_145' title='bbox 1452 312 1793 367; x_wconf 84' lang='lat' dir='ltr'>pulmentarium</span> 
     </span>
    </p>

    <p class='ocr_par' dir='ltr' id='par_1_7' title="bbox 1140 382 1561 425">
     <span class='ocr_line' id='line_1_44' title="bbox 1140 382 1561 425; baseline 0.002 -2"><span class='ocrx_word' id='word_1_146' title='bbox 1140 382 1348 425; x_wconf 83' lang='lat' dir='ltr'>Pulsatur</span> <span class='ocrx_word' id='word_1_147' title='bbox 1380 384 1561 425; x_wconf 87' lang='lat' dir='ltr'>territur</span> 
     </span>
    </p>

    <p class='ocr_par' dir='ltr' id='par_1_8' title="bbox 1141 453 1806 498">
     <span class='ocr_line' id='line_1_45' title="bbox 1141 453 1806 498; baseline 0.005 -3"><span class='ocrx_word' id='word_1_148' title='bbox 1141 453 1397 496; x_wconf 87' lang='lat' dir='ltr'>Puluinaria</span> <span class='ocrx_word' id='word_1_149' title='bbox 1429 470 1500 497; x_wconf 89' lang='lat' dir='ltr'>are</span> <span class='ocrx_word' id='word_1_150' title='bbox 1534 458 1806 498; x_wconf 88' lang='lat' dir='ltr'>mortuorum</span> 
     </span>
    </p>

    <p class='ocr_par' dir='ltr' id='par_1_9' title="bbox 1142 525 2053 584">
     <span class='ocr_line' id='line_1_46' title="bbox 1142 525 2053 584; baseline 0.005 -18"><span class='ocrx_word' id='word_1_151' title='bbox 1142 525 1397 567; x_wconf 83' lang='lat' dir='ltr'>Puluinaria</span> <span class='ocrx_word' id='word_1_152' title='bbox 1418 526 1654 569; x_wconf 77' lang='lat' dir='ltr'>cerimonia</span> <span class='ocrx_word' id='word_1_153' title='bbox 1675 528 1743 569; x_wconf 85' lang='lat' dir='ltr'>uel</span> <span class='ocrx_word' id='word_1_154' title='bbox 1766 528 1998 584; x_wconf 82' lang='lat' dir='ltr'>religiones</span> <span class='ocrx_word' id='word_1_155' title='bbox 2020 541 2053 565; x_wconf 79' lang='lat'>35</span> 
     </span>
    </p>

    <p class='ocr_par' dir='ltr' id='par_1_10' title="bbox 1140 597 1595 653">
     <span class='ocr_line' id='line_1_47' title="bbox 1140 597 1595 653; baseline 0.004 -15"><span class='ocrx_word' id='word_1_156' title='bbox 1140 597 1350 639; x_wconf 87' lang='lat' dir='ltr'>Puluinar</span> <span class='ocrx_word' id='word_1_157' title='bbox 1382 599 1595 653; x_wconf 87' lang='lat' dir='ltr'>templum</span> 
     </span>
    </p>

    <p class='ocr_par' dir='ltr' id='par_1_11' title="bbox 1141 668 1998 797">
     <span class='ocr_line' id='line_1_48' title="bbox 1141 668 1998 725; baseline 0.004 -14"><span class='ocrx_word' id='word_1_158' title='bbox 1141 669 1306 711; x_wconf 85' lang='lat' dir='ltr'>Pullati</span> <span class='ocrx_word' id='word_1_159' title='bbox 1336 668 1452 725; x_wconf 84' lang='lat' dir='ltr'>nigri</span> <span class='ocrx_word' id='word_1_160' title='bbox 1486 671 1559 725; x_wconf 87' lang='lat' dir='ltr'>qui</span> <span class='ocrx_word' id='word_1_161' title='bbox 1592 671 1637 712; x_wconf 91' lang='lat' dir='ltr'>in</span> <span class='ocrx_word' id='word_1_162' title='bbox 1669 672 1835 713; x_wconf 81' lang='lat' dir='ltr'>luctum</span> <span class='ocrx_word' id='word_1_163' title='bbox 1868 674 1998 714; x_wconf 86' lang='lat' dir='ltr'>uesti-</span> 
     </span>
     <span class='ocr_line' id='line_1_49' title="bbox 1200 741 1671 797; baseline 0.004 -15"><span class='ocrx_word' id='word_1_164' title='bbox 1200 741 1282 783; x_wconf 85' lang='lat' dir='ltr'>bus</span> <span class='ocrx_word' id='word_1_165' title='bbox 1315 741 1454 797; x_wconf 83' lang='lat' dir='ltr'>nigris</span> <span class='ocrx_word' id='word_1_166' title='bbox 1486 745 1671 784; x_wconf 87' lang='lat' dir='ltr'>utuntur</span> 
     </span>
    </p>

    <p class='ocr_par' dir='ltr' id='par_1_12' title="bbox 1140 811 1570 868">
     <span class='ocr_line' id='line_1_50' title="bbox 1140 811 1570 868; baseline 0.005 -15"><span class='ocrx_word' id='word_1_167' title='bbox 1140 811 1351 854; x_wconf 87' lang='lat' dir='ltr'>Puluinar</span> <span class='ocrx_word' id='word_1_168' title='bbox 1384 814 1570 868; x_wconf 83' lang='lat' dir='ltr'>capitale</span> 
     </span>
    </p>

    <p class='ocr_par' dir='ltr' id='par_1_13' title="bbox 1142 883 1679 940">
     <span class='ocr_line' id='line_1_51' title="bbox 1142 883 1679 940; baseline 0.002 -14"><span class='ocrx_word' id='word_1_169' title='bbox 1142 883 1381 926; x_wconf 89' lang='lat' dir='ltr'>Puluillum</span> <span class='ocrx_word' id='word_1_170' title='bbox 1413 885 1679 940; x_wconf 77' lang='lat' dir='ltr'>plumacium</span> 
     </span>
    </p>

    <p class='ocr_par' dir='ltr' id='par_1_14' title="bbox 1141 956 2055 1013">
     <span class='ocr_line' id='line_1_52' title="bbox 1141 956 2055 1013; baseline 0.004 -16"><span class='ocrx_word' id='word_1_171' title='bbox 1141 956 1358 999; x_wconf 87' lang='lat' dir='ltr'>Putisculi</span> <span class='ocrx_word' id='word_1_172' title='bbox 1391 957 1464 1012; x_wconf 84' lang='lat' dir='ltr'>qui</span> <span class='ocrx_word' id='word_1_173' title='bbox 1498 957 1710 999; x_wconf 81' lang='lat' dir='ltr'>cadauera</span> <span class='ocrx_word' id='word_1_174' title='bbox 1741 959 1961 1013; x_wconf 85' lang='lat' dir='ltr'>proiciunt</span> <span class='ocrx_word' id='word_1_175' title='bbox 2021 973 2055 996; x_wconf 72' lang='lat'>40</span> 
     </span>
    </p>

    <p class='ocr_par' dir='ltr' id='par_1_15' title="bbox 1141 1027 2002 1215">
     <span class='ocr_line' id='line_1_53' title="bbox 1141 1027 2001 1086; baseline 0.005 -17"><span class='ocrx_word' id='word_1_176' title='bbox 1141 1027 1258 1083; x_wconf 76' lang='lat' dir='ltr'>Pyra</span> <span class='ocrx_word' id='word_1_177' title='bbox 1289 1043 1447 1084; x_wconf 90' lang='lat' dir='ltr'>rogum</span> <span class='ocrx_word' id='word_1_178' title='bbox 1479 1029 1700 1086; x_wconf 87' lang='lat' dir='ltr'>lignorum</span> <span class='ocrx_word' id='word_1_179' title='bbox 1726 1029 1893 1073; x_wconf 87' lang='lat' dir='ltr'>instrue</span> <span class='ocrx_word' id='word_1_180' title='bbox 1926 1032 2001 1073; x_wconf 85' lang='lat' dir='ltr'>ubi</span> 
     </span>
     <span class='ocr_line' id='line_1_54' title="bbox 1201 1101 2002 1160; baseline 0.004 -18"><span class='ocrx_word' id='word_1_181' title='bbox 1201 1101 1400 1143; x_wconf 89' lang='lat' dir='ltr'>homines</span> <span class='ocrx_word' id='word_1_182' title='bbox 1426 1104 1676 1143; x_wconf 84' lang='lat' dir='ltr'>cremantur</span> <span class='ocrx_word' id='word_1_183' title='bbox 1702 1103 1771 1144; x_wconf 90' lang='lat' dir='ltr'>uel</span> <span class='ocrx_word' id='word_1_184' title='bbox 1800 1104 1874 1145; x_wconf 85' lang='lat' dir='ltr'>ubi</span> <span class='ocrx_word' id='word_1_185' title='bbox 1902 1118 2002 1160; x_wconf 83' lang='lat' dir='ltr'>gen—</span> 
     </span>
     <span class='ocr_line' id='line_1_55' title="bbox 1201 1172 1582 1215; baseline 0.003 -2"><span class='ocrx_word' id='word_1_186' title='bbox 1201 1172 1299 1214; x_wconf 86' lang='lat' dir='ltr'>tiles</span> <span class='ocrx_word' id='word_1_187' title='bbox 1333 1173 1582 1215; x_wconf 81' lang='lat' dir='ltr'>sacrificant</span> 
     </span>
    </p>

    <p class='ocr_par' dir='ltr' id='par_1_16' title="bbox 1140 1242 2002 1588">
     <span class='ocr_line' id='line_1_56' title="bbox 1140 1242 2001 1301; baseline 0.005 -16"><span class='ocrx_word' id='word_1_188' title='bbox 1140 1242 1392 1300; x_wconf 87' lang='lat' dir='ltr'>Purpurilla</span> <span class='ocrx_word' id='word_1_189' title='bbox 1422 1245 1544 1287; x_wconf 89' lang='lat' dir='ltr'>locus</span> <span class='ocrx_word' id='word_1_190' title='bbox 1572 1248 1694 1287; x_wconf 82' lang='lat' dir='ltr'>extra</span> <span class='ocrx_word' id='word_1_191' title='bbox 1725 1249 1899 1301; x_wconf 88' lang='lat' dir='ltr'>portam</span> <span class='ocrx_word' id='word_1_192' title='bbox 1926 1248 2001 1289; x_wconf 86' lang='lat' dir='ltr'>ubi</span> 
     </span>
     <span class='ocr_line' id='line_1_57' title="bbox 1200 1317 2002 1372; baseline 0.004 -14"><span class='ocrx_word' id='word_1_193' title='bbox 1200 1317 1365 1359; x_wconf 86' lang='lat' dir='ltr'>iscorta</span> <span class='ocrx_word' id='word_1_194' title='bbox 1395 1320 1599 1372; x_wconf 84' lang='lat' dir='ltr'>postrant</span> <span class='ocrx_word' id='word_1_195' title='bbox 1631 1318 1795 1360; x_wconf 84' lang='lat' dir='ltr'>dictum</span> <span class='ocrx_word' id='word_1_196' title='bbox 1828 1322 1895 1360; x_wconf 91' lang='lat' dir='ltr'>est</span> <span class='ocrx_word' id='word_1_197' title='bbox 1927 1324 2002 1361; x_wconf 86' lang='lat' dir='ltr'>aut</span> 
     </span>
     <span class='ocr_line' id='line_1_58' title="bbox 1201 1390 2001 1445; baseline 0.005 -15"><span class='ocrx_word' id='word_1_198' title='bbox 1201 1391 1294 1430; x_wconf 89' lang='lat' dir='ltr'>esto</span> <span class='ocrx_word' id='word_1_199' title='bbox 1310 1390 1573 1431; x_wconf 84' lang='lat' dir='ltr'>uocabulum</span> <span class='ocrx_word' id='word_1_200' title='bbox 1590 1391 1704 1445; x_wconf 84' lang='lat' dir='ltr'>quod</span> <span class='ocrx_word' id='word_1_201' title='bbox 1725 1391 1866 1434; x_wconf 86' lang='lat' dir='ltr'>inatre</span> <span class='ocrx_word' id='word_1_202' title='bbox 1889 1392 2001 1433; x_wconf 80' lang='lat' dir='ltr'>stola</span> 
     </span>
     <span class='ocr_line' id='line_1_59' title="bbox 1200 1461 2002 1519; baseline 0.005 -17"><span class='ocrx_word' id='word_1_203' title='bbox 1200 1461 1407 1503; x_wconf 83' lang='lat' dir='ltr'>libertina</span> <span class='ocrx_word' id='word_1_204' title='bbox 1434 1465 1477 1504; x_wconf 88' lang='lat' dir='ltr'>et</span> <span class='ocrx_word' id='word_1_205' title='bbox 1509 1465 1606 1504; x_wconf 90' lang='lat' dir='ltr'>tota</span> <span class='ocrx_word' id='word_1_206' title='bbox 1636 1463 1872 1517; x_wconf 83' lang='lat' dir='ltr'>prostitute</span> <span class='ocrx_word' id='word_1_207' title='bbox 1905 1480 2002 1519; x_wconf 86' lang='lat' dir='ltr'>pur-</span> 
     </span>
     <span class='ocr_line' id='line_1_60' title="bbox 1200 1537 1775 1588; baseline 0.002 -13"><span class='ocrx_word' id='word_1_208' title='bbox 1200 1548 1334 1588; x_wconf 88' lang='lat' dir='ltr'>purea</span> <span class='ocrx_word' id='word_1_209' title='bbox 1366 1537 1488 1576; x_wconf 92' lang='lat' dir='ltr'>ueste</span> <span class='ocrx_word' id='word_1_210' title='bbox 1521 1537 1775 1576; x_wconf 85' lang='lat' dir='ltr'>ueterentur</span> 
     </span>
    </p>
   </div>
   <div class='ocr_carea' id='block_1_6' title="bbox 1139 1748 2054 2963">
    <p class='ocr_par' dir='ltr' id='par_1_17' title="bbox 1140 1748 1586 1806">
     <span class='ocr_line' id='line_1_61' title="bbox 1140 1748 1586 1806; baseline 0.007 -16"><span class='ocrx_word' id='word_1_211' title='bbox 1140 1748 1338 1806; x_wconf 71' lang='lat' dir='ltr'>Qualiter</span> <span class='ocrx_word' id='word_1_212' title='bbox 1370 1751 1586 1805; x_wconf 82' lang='lat' dir='ltr'>quomodo</span> 
     </span>
    </p>

    <p class='ocr_par' dir='ltr' id='par_1_18' title="bbox 1142 1822 1999 1937">
     <span class='ocr_line' id='line_1_62' title="bbox 1142 1822 1999 1880; baseline 0.006 -17"><span class='ocrx_word' id='word_1_213' title='bbox 1142 1822 1371 1878; x_wconf 77' lang='lat' dir='ltr'>Quamqua</span> <span class='ocrx_word' id='word_1_214' title='bbox 1403 1823 1537 1865; x_wconf 82' lang='lat' dir='ltr'>etiam</span> <span class='ocrx_word' id='word_1_215' title='bbox 1576 1823 1679 1866; x_wconf 86' lang='lat' dir='ltr'>licet</span> <span class='ocrx_word' id='word_1_216' title='bbox 1719 1825 1866 1880; x_wconf 89' lang='lat' dir='ltr'>grauis</span> <span class='ocrx_word' id='word_1_217' title='bbox 1901 1841 1999 1880; x_wconf 85' lang='lat' dir='ltr'>que-</span> 
     </span>
     <span class='ocr_line' id='line_1_63' title="bbox 1198 1895 1305 1937; baseline 0.009 -1"><span class='ocrx_word' id='word_1_218' title='bbox 1198 1895 1305 1937; x_wconf 85' lang='lat' dir='ltr'>rella</span> 
     </span>
    </p>

    <p class='ocr_par' dir='ltr' id='par_1_19' title="bbox 1142 1967 2054 2025">
     <span class='ocr_line' id='line_1_64' title="bbox 1142 1967 2054 2025; baseline 0.005 -17"><span class='ocrx_word' id='word_1_219' title='bbox 1142 1967 1415 2017; x_wconf 84' lang='lat' dir='ltr'>Quantillum</span> <span class='ocrx_word' id='word_1_220' title='bbox 1448 1968 1894 2025; x_wconf 72' lang='lat' dir='ltr'>quantulumcumque</span> <span class='ocrx_word' id='word_1_221' title='bbox 2020 1981 2054 2005; x_wconf 60' lang='lat'>&gt;15</span> 
     </span>
    </p>

    <p class='ocr_par' dir='ltr' id='par_1_20' title="bbox 1139 2038 1830 2096">
     <span class='ocr_line' id='line_1_65' title="bbox 1139 2038 1830 2096; baseline 0.003 -15"><span class='ocrx_word' id='word_1_222' title='bbox 1139 2038 1407 2089; x_wconf 81' lang='lat' dir='ltr'>Quantocius</span> <span class='ocrx_word' id='word_1_223' title='bbox 1440 2043 1603 2096; x_wconf 85' lang='lat' dir='ltr'>quanto</span> <span class='ocrx_word' id='word_1_224' title='bbox 1637 2041 1830 2083; x_wconf 88' lang='lat' dir='ltr'>uelocius</span> 
     </span>
    </p>

    <p class='ocr_par' dir='ltr' id='par_1_21' title="bbox 1142 2111 1962 2162">
     <span class='ocr_line' id='line_1_66' title="bbox 1142 2111 1962 2162; baseline 0.004 -9"><span class='ocrx_word' id='word_1_225' title='bbox 1142 2111 1316 2162; x_wconf 82' lang='lat' dir='ltr'>Quanto</span> <span class='ocrx_word' id='word_1_226' title='bbox 1350 2111 1479 2154; x_wconf 88' lang='lat' dir='ltr'>citius</span> <span class='ocrx_word' id='word_1_227' title='bbox 1513 2113 1696 2155; x_wconf 88' lang='lat' dir='ltr'>celerius</span> <span class='ocrx_word' id='word_1_228' title='bbox 1729 2114 1798 2154; x_wconf 90' lang='lat' dir='ltr'>uel</span> <span class='ocrx_word' id='word_1_229' title='bbox 1832 2114 1962 2156; x_wconf 89' lang='lat' dir='ltr'>citius</span> 
     </span>
    </p>

    <p class='ocr_par' dir='ltr' id='par_1_22' title="bbox 1141 2183 1603 2240">
     <span class='ocr_line' id='line_1_67' title="bbox 1141 2183 1603 2240; baseline 0.004 -15"><span class='ocrx_word' id='word_1_230' title='bbox 1141 2183 1354 2233; x_wconf 78' lang='lat' dir='ltr'>Quassam</span> <span class='ocrx_word' id='word_1_231' title='bbox 1388 2185 1603 2240; x_wconf 85' lang='lat' dir='ltr'>quamodo</span> 
     </span>
    </p>

    <p class='ocr_par' dir='ltr' id='par_1_23' title="bbox 1142 2256 1609 2312">
     <span class='ocr_line' id='line_1_68' title="bbox 1142 2256 1609 2312; baseline 0.004 -15"><span class='ocrx_word' id='word_1_232' title='bbox 1142 2256 1359 2306; x_wconf 80' lang='lat' dir='ltr'>Quassum</span> <span class='ocrx_word' id='word_1_233' title='bbox 1393 2258 1609 2312; x_wconf 85' lang='lat' dir='ltr'>quomodo</span> 
     </span>
    </p>

    <p class='ocr_par' dir='ltr' id='par_1_24' title="bbox 1142 2328 2052 2384">
     <span class='ocr_line' id='line_1_69' title="bbox 1142 2328 2052 2384; baseline 0.004 -15"><span class='ocrx_word' id='word_1_234' title='bbox 1142 2328 1357 2378; x_wconf 79' lang='lat' dir='ltr'>Quatinus</span> <span class='ocrx_word' id='word_1_235' title='bbox 1392 2330 1620 2384; x_wconf 89' lang='lat' dir='ltr'>quotinore</span> <span class='ocrx_word' id='word_1_236' title='bbox 2020 2343 2052 2365; x_wconf 68' lang='lat'>⁵⁴·</span> 
     </span>
    </p>

    <p class='ocr_par' dir='ltr' id='par_1_25' title="bbox 1141 2399 1998 2515">
     <span class='ocr_line' id='line_1_70' title="bbox 1141 2399 1998 2449; baseline 0.006 -8"><span class='ocrx_word' id='word_1_237' title='bbox 1141 2399 1423 2449; x_wconf 78' lang='lat' dir='ltr'>Querimonia</span> <span class='ocrx_word' id='word_1_238' title='bbox 1444 2402 1664 2444; x_wconf 81' lang='lat' dir='ltr'>maleficus</span> <span class='ocrx_word' id='word_1_239' title='bbox 1683 2403 1885 2445; x_wconf 86' lang='lat' dir='ltr'>arteficus</span> <span class='ocrx_word' id='word_1_240' title='bbox 1902 2419 1998 2446; x_wconf 82' lang='lat' dir='ltr'>con-</span> 
     </span>
     <span class='ocr_line' id='line_1_71' title="bbox 1200 2473 1381 2515; baseline 0.006 -1"><span class='ocrx_word' id='word_1_241' title='bbox 1200 2473 1381 2515; x_wconf 85' lang='lat' dir='ltr'>testatio</span> 
     </span>
    </p>

    <p class='ocr_par' dir='ltr' id='par_1_26' title="bbox 1140 2544 1632 2600">
     <span class='ocr_line' id='line_1_72' title="bbox 1140 2544 1632 2600; baseline 0 -13"><span class='ocrx_word' id='word_1_242' title='bbox 1140 2544 1328 2594; x_wconf 81' lang='lat' dir='ltr'>Quereta</span> <span class='ocrx_word' id='word_1_243' title='bbox 1361 2546 1457 2600; x_wconf 88' lang='lat' dir='ltr'>quis</span> <span class='ocrx_word' id='word_1_244' title='bbox 1491 2546 1632 2588; x_wconf 77' lang='lat' dir='ltr'>exitus</span> 
     </span>
    </p>

    <p class='ocr_par' dir='ltr' id='par_1_27' title="bbox 1139 2617 1638 2667">
     <span class='ocr_line' id='line_1_73' title="bbox 1139 2617 1638 2667; baseline 0.004 -9"><span class='ocrx_word' id='word_1_245' title='bbox 1139 2617 1409 2667; x_wconf 75' lang='lat' dir='ltr'>Questuosus</span> <span class='ocrx_word' id='word_1_246' title='bbox 1441 2618 1638 2660; x_wconf 87' lang='lat' dir='ltr'>lucrosus</span> 
     </span>
    </p>

    <p class='ocr_par' dir='ltr' id='par_1_28' title="bbox 1141 2689 1711 2739">
     <span class='ocr_line' id='line_1_74' title="bbox 1141 2689 1711 2739; baseline 0.002 -8"><span class='ocrx_word' id='word_1_247' title='bbox 1141 2689 1390 2739; x_wconf 83' lang='lat' dir='ltr'>Questuarii</span> <span class='ocrx_word' id='word_1_248' title='bbox 1427 2690 1711 2733; x_wconf 87' lang='lat' dir='ltr'>mercennarii</span> 
     </span>
    </p>

    <p class='ocr_par' dir='ltr' id='par_1_29' title="bbox 1140 2761 2052 2890">
     <span class='ocr_line' id='line_1_75' title="bbox 1140 2761 2052 2819; baseline 0.001 -15"><span class='ocrx_word' id='word_1_249' title='bbox 1140 2761 1327 2812; x_wconf 80' lang='lat' dir='ltr'>Questor</span> <span class='ocrx_word' id='word_1_250' title='bbox 1371 2763 1647 2805; x_wconf 88' lang='lat' dir='ltr'>consiliarius</span> <span class='ocrx_word' id='word_1_251' title='bbox 1692 2762 1765 2819; x_wconf 89' lang='lat' dir='ltr'>qui</span> <span class='ocrx_word' id='word_1_252' title='bbox 1815 2762 1996 2817; x_wconf 82' lang='lat' dir='ltr'>pecunia</span> <span class='ocrx_word' id='word_1_253' title='bbox 2017 2775 2052 2800; x_wconf 76' lang='lat'>55</span> 
     </span>
     <span class='ocr_line' id='line_1_76' title="bbox 1199 2835 1639 2890; baseline 0.002 -15"><span class='ocrx_word' id='word_1_254' title='bbox 1199 2835 1375 2889; x_wconf 84' lang='lat' dir='ltr'>publica</span> <span class='ocrx_word' id='word_1_255' title='bbox 1405 2837 1639 2890; x_wconf 88' lang='lat' dir='ltr'>praerogat</span> 
     </span>
    </p>

    <p class='ocr_par' dir='ltr' id='par_1_30' title="bbox 1142 2907 1625 2963">
     <span class='ocr_line' id='line_1_77' title="bbox 1142 2907 1625 2963; baseline -0.002 -14"><span class='ocrx_word' id='word_1_256' title='bbox 1142 2907 1386 2957; x_wconf 79' lang='lat' dir='ltr'>Quesumus</span> <span class='ocrx_word' id='word_1_257' title='bbox 1419 2921 1625 2963; x_wconf 87' lang='lat' dir='ltr'>rogamus</span> 
     </span>
    </p>
   </div>
   <div class='ocr_carea' id='block_1_7' title="bbox 243 3071 1996 3182">
    <p class='ocr_par' dir='ltr' id='par_1_31' title="bbox 243 3071 1996 3182">
     <span class='ocr_line' id='line_1_78' title="bbox 340 3071 1996 3121; baseline 0.001 -15"><span class='ocrx_word' id='word_1_258' title='bbox 340 3075 394 3109; x_wconf 84' lang='lat'>16.</span> <span class='ocrx_word' id='word_1_259' title='bbox 428 3073 634 3109; x_wconf 85' lang='lat' dir='ltr'>sementem</span> <span class='ocrx_word' id='word_1_260' title='bbox 659 3086 682 3109; x_wconf 83' lang='grc' dir='ltr'><em>α</em></span> <span class='ocrx_word' id='word_1_261' title='bbox 713 3074 724 3119; x_wconf 69' lang='lat' dir='ltr'>ll</span> <span class='ocrx_word' id='word_1_262' title='bbox 758 3077 812 3109; x_wconf 89' lang='grc'>19.</span> <span class='ocrx_word' id='word_1_263' title='bbox 844 3076 955 3120; x_wconf 85' lang='lat' dir='ltr'>partu</span> <span class='ocrx_word' id='word_1_264' title='bbox 982 3088 1005 3110; x_wconf 73' lang='grc' dir='ltr'>[ι</span> <span class='ocrx_word' id='word_1_265' title='bbox 1036 3076 1048 3121; x_wconf 80' lang='lat' dir='ltr'>{l</span> <span class='ocrx_word' id='word_1_266' title='bbox 1081 3079 1137 3110; x_wconf 71' lang='lat'>24.</span> <span class='ocrx_word' id='word_1_267' title='bbox 1170 3073 1312 3120; x_wconf 87' lang='lat' dir='ltr'>primus</span> <span class='ocrx_word' id='word_1_268' title='bbox 1339 3086 1362 3110; x_wconf 87' lang='lat' dir='ltr'>a</span> <span class='ocrx_word' id='word_1_269' title='bbox 1393 3075 1404 3118; x_wconf 80' lang='grc' dir='ltr'>ΙΙ</span> <span class='ocrx_word' id='word_1_270' title='bbox 1436 3076 1492 3109; x_wconf 85' lang='lat'>40.</span> <span class='ocrx_word' id='word_1_271' title='bbox 1525 3071 1701 3107; x_wconf 88' lang='lat' dir='ltr'>Putuculi</span> <span class='ocrx_word' id='word_1_272' title='bbox 1727 3086 1750 3108; x_wconf 76' lang='grc' dir='ltr'>(ι</span> <span class='ocrx_word' id='word_1_273' title='bbox 1781 3074 1792 3119; x_wconf 76' lang='lat' dir='ltr'>ss</span> <span class='ocrx_word' id='word_1_274' title='bbox 1830 3076 1885 3110; x_wconf 78' lang='lat'>42.</span> <span class='ocrx_word' id='word_1_275' title='bbox 1912 3085 1996 3120; x_wconf 88' lang='lat' dir='ltr'>pro-</span> 
     </span>
     <span class='ocr_line' id='line_1_79' title="bbox 243 3133 1692 3182; baseline 0.001 -14"><span class='ocrx_word' id='word_1_276' title='bbox 243 3133 366 3168; x_wconf 84' lang='lat' dir='ltr'>ferant</span> <span class='ocrx_word' id='word_1_277' title='bbox 391 3146 415 3169; x_wconf 80' lang='lat' dir='ltr'>a</span> <span class='ocrx_word' id='word_1_278' title='bbox 437 3136 442 3180; x_wconf 86' lang='grc' dir='ltr'>Ι</span> <span class='ocrx_word' id='word_1_279' title='bbox 463 3135 635 3170; x_wconf 72' lang='lat' dir='ltr'>matrone</span> <span class='ocrx_word' id='word_1_280' title='bbox 662 3133 761 3170; x_wconf 86' lang='lat' dir='ltr'>stola</span> <span class='ocrx_word' id='word_1_281' title='bbox 786 3147 810 3170; x_wconf 86' lang='grc' dir='ltr'>α</span> <span class='ocrx_word' id='word_1_282' title='bbox 832 3137 837 3182; x_wconf 80' lang='grc' dir='ltr'>Ι</span> <span class='ocrx_word' id='word_1_283' title='bbox 859 3136 950 3182; x_wconf 83' lang='lat' dir='ltr'>toga</span> <span class='ocrx_word' id='word_1_284' title='bbox 976 3148 1000 3171; x_wconf 81' lang='lat' dir='ltr'>a</span> <span class='ocrx_word' id='word_1_285' title='bbox 1021 3137 1026 3181; x_wconf 81' lang='grc' dir='ltr'>Ι</span> <span class='ocrx_word' id='word_1_286' title='bbox 1048 3137 1244 3171; x_wconf 86' lang='lat' dir='ltr'>uterentur</span> <span class='ocrx_word' id='word_1_287' title='bbox 1269 3147 1292 3170; x_wconf 86' lang='lat' dir='ltr'>a</span> <span class='ocrx_word' id='word_1_288' title='bbox 1311 3136 1323 3181; x_wconf 79' lang='grc' dir='ltr'>ΙΙ</span> <span class='ocrx_word' id='word_1_289' title='bbox 1353 3138 1408 3171; x_wconf 84' lang='grc'>51.</span> <span class='ocrx_word' id='word_1_290' title='bbox 1436 3133 1613 3169; x_wconf 83' lang='lat' dir='ltr'>arteficiis</span> <span class='ocrx_word' id='word_1_291' title='bbox 1640 3146 1661 3169; x_wconf 71' lang='lat' dir='ltr'><em>a</em></span> <span class='ocrx_word' id='word_1_292' title='bbox 1682 3135 1692 3179; x_wconf 76' lang='grc' dir='ltr'><strong>Η</strong></span> 
     </span>
    </p>
   </div>
  </div>
 </body>
</html>
