2216 3402
654 103 909 140 EXCERPTA
934 103 1000 138 EX
1024 103 1167 138 LIBRO
1195 101 1484 138 GLOSSARVM
1858 100 1941 141 165

196 214 414 271 Agonis‘na
447 216 638 256 certator
1148 213 1328 254 lucanus
1402 214 1445 253 ei:
1519 209 1724 252 fiuctibus
1798 208 1942 266 aptior

197 286 382 341 Agralia
407 286 477 328 lex
503 286 572 327 lex
593 285 686 341 agri
711 285 862 341 populi
883 285 1050 327 romani
1150 284 1272 325 alnus

196 357 416 414 Agranbos
495 357 817 399 bizantinorum
902 357 1052 412 lingua
1090 355 1250 411 Alogia
1283 353 1532 396 conuiuium
1565 367 1690 409 grece

255 431 467 486 augustus
500 428 661 471 mensis
694 429 853 471 dicitur
885 426 964 484 (Bc)
1091 426 1311 469 Albernati
1344 425 1526 481 cogitati

195 500 452 557 Agrahisma
483 500 750 542 iantaculum
782 514 907 556 grece
1089 497 1244 540 Altilia
1275 497 1474 539 uolatilia

160 584 176 609 5
195 571 396 629 Agrippa
428 572 501 627 qui
532 572 579 613 in
608 571 791 627 pedibus
823 571 1017 613 nascibur
1087 568 1299 611 Altricem
1331 568 1545 610 nutricem
1963 583 1998 609 30

194 643 411 700 Agripeos
438 643 677 686 ellenorum
708 643 858 698 lingua
884 642 1049 685 febroa-
1088 640 1270 682 Aluaria
1301 639 1500 695 presepia

254 715 343 757 rius
377 714 538 758 mensis
571 714 731 756 dicitur
765 713 841 771 (R)
1087 712 1268 754 Aluaria
1298 726 1405 753 uasa
1438 710 1584 766 apium

194 787 275 829 Aie
306 787 448 842 incipe
480 785 550 828 dic
1089 782 1269 825 Aluaria
1296 782 1465 824 aluares
1498 781 1541 822 id
1568 783 1635 823 est
1660 797 1766 823 uasa
1798 782 1945 837 apium

193 856 310 898 Ailia
341 857 502 899 uermis
534 857 632 899 fabe
1089 853 1295 897 Aluearia
1326 868 1433 895 uasa
1465 852 1611 907 apium

193 928 491 971 Alacrimonia
521 929 663 971 leffitia
1089 927 1274 968 Alueare
1307 924 1455 980 apium
1488 924 1686 966 examina
1718 924 1808 966 siue
1839 940 1944 966 uasa
1964 943 1998 968 35

142 1013 175 1037 10
196 1000 336 1055 Alapa
369 1000 578 1056 colaphus
1090 999 1253 1040 A'lueus
1311 996 1518 1052 quidquid
1576 1010 1733 1050 aquam
1790 996 1944 1051 recipit

193 1070 358 1128 Alapsa
389 1072 562 1115 incaute
595 1072 773 1114 ueniens
1149 1068 1320 1111 canales
1352 1067 1476 1109 fluuii

191 1143 377 1191 Alarica
407 1147 503 1186 asta
539 1144 772 1186 uehemens
813 1144 947 1185 trium
979 1158 1049 1185 an·
1090 1141 1227 1183 Aluus
1260 1138 1452 1195 precoris
1484 1138 1561 1180 ubi
1593 1139 1830 1194 conscripti
1869 1140 1943 1196 qui

251 1215 452 1271 gulorum
484 1215 647 1257 ferrum
679 1215 844 1257 habens
1146 1211 1358 1254 recitandi
1391 1213 1493 1252 sunt
1525 1210 1677 1252 tabula
1703 1213 1769 1252 est
1796 1214 1839 1253 et
1871 1211 1943 1253 ha-

191 1286 334 1328 Alaris
368 1287 598 1329 caballaris
1146 1284 1220 1325 bet
1258 1281 1369 1324 albis
1407 1282 1569 1324 litteris
1608 1282 1771 1324 iudices
1805 1285 1848 1325 et
1881 1298 1942 1325 se-

190 1357 353 1399 Album
386 1358 618 1412 quicneum
1144 1357 1318 1397 nabores

138 1442 170 1468 15
189 1428 299 1471 Alea
337 1429 460 1484 quasi
498 1430 661 1471 bellum
708 1430 823 1484 quod
861 1429 1046 1471 alterum
1083 1426 1324 1469 Amaracus
1375 1440 1511 1482 genus
1562 1424 1682 1468 floris
1735 1426 1847 1468 unde
1899 1430 1942 1469 et

249 1500 356 1543 faeib
386 1500 553 1544 uictum
586 1502 772 1543 alterum
804 1501 1016 1544 uictorem
1144 1497 1436 1540 amarabinum
1468 1500 1740 1554 unguentum
1772 1498 1823 1539 fit

191 1571 302 1615 Alea
333 1573 484 1615 'tabula
509 1574 563 1615 ad
594 1573 828 1615 ludendum
856 1588 906 1615 eo
933 1573 1046 1628 quod
1086 1570 1353 1614 Amarthabh
1409 1569 1735 1625 chappadocum
1790 1570 1942 1626 lingua

249 1644 335 1686 alio
368 1644 486 1687 uicizo
518 1645 666 1688 uincet
1144 1644 1357 1698 augustus
1390 1641 1552 1683 mensis
1585 1641 1744 1684 dicitur

191 1715 300 1758 Alea
320 1716 470 1758 ludum
490 1717 637 1759 tabule
659 1732 683 1759 a
705 1717 892 1772 quodam
916 1731 1045 1773 mago
1083 1713 1243 1755 Amata
1281 1716 1482 1756 catenata
1514 1713 1567 1756 ab
1602 1729 1651 1755 eo
1684 1713 1798 1769 quod
1837 1716 1938 1755 sunt
1958 1731 1994 1756 40

249 1788 343 1829 alea
373 1788 547 1830 nomine
581 1789 655 1843 qui
685 1789 769 1831 hoc
801 1788 945 1843 lusum
977 1789 1046 1830 ad-
1143 1785 1272 1827 amici

248 1859 416 1901 inuenit
1083 1856 1314 1899 Amatores
1352 1856 1511 1899 riuales
1551 1857 1635 1899 duo
1677 1858 1750 1912 qui
1791 1860 1939 1899 amanb

188 1930 350 1973 Allecit
383 1931 577 1973 adlaetab
609 1931 799 1973 delactah
1143 1943 1277 1971 unum
1310 1929 1434 1983 quasi
1464 1929 1514 1970 de
1546 1943 1631 1970 uno
1665 1928 1759 1970 riuo

187 2002 357 2044 Alecris
388 2003 536 2044 nutrix
1084 1999 1366 2056 Ambigiosus
1395 2000 1634 2043 circulosus
1656 2003 1731 2042 auh
1751 2016 1830 2056 pro
1852 2016 1937 2042 am-

134 2088 168 2113 20
189 2073 430 2130 Allegurrib
462 2074 667 2130 degustat
1140 2073 1273 2128 bages
1306 2071 1518 2114 circuiens

186 2144 320 2201 Alget
350 2145 579 2202 infrigidat
1083 2144 1322 2186 Ambabum
1355 2143 1645 2186 ambicionem

188 2217 376 2259 Allicula
407 2217 557 2273 signus
590 2218 726 2260 uesbis
1081 2216 1295 2259 Ambesas
1332 2216 1591 2258 circumesas

187 2288 378 2331 Allidere
411 2289 653 2331 interficere
687 2292 876 2331 mactare
1083 2288 1287 2344 Ambigia
1319 2287 1493 2330 dubitata
1955 2306 1989 2332 45

189 2359 459 2402 Alimonium
492 2360 634 2403 alendi
666 2375 814 2403 curam
1081 2359 1364 2415 Ambigiatur
1396 2359 1620 2401 dubiizatur

134 2445 168 2470 25
187 2431 382 2486 Alipides
416 2431 516 2487 equi
548 2432 719 2474 ueloces
1079 2431 1350 2486 Ambiguata
1382 2430 1535 2473 dubias
1568 2431 1779 2486 figuratas

187 2502 326 2544 Alnus
389 2503 518 2544 arbor
579 2503 690 2544 unde
744 2518 877 2546 naues
931 2505 1042 2546 fiunt
1078 2502 1246 2545 Ambro
1280 2503 1512 2545 deuorator

306 2670 338 2701 3.
364 2666 638 2702 bitantinorum
680 2670 692 2713 η
735 2671 766 2703 4.
794 2668 1023 2703 iantatulum
1065 2671 1077 2714 ΙΙ
1122 2673 1153 2704 6.
1182 2668 1365 2714 Agripeus
1405 2668 1410 2712 Ι
1451 2666 1661 2703 februarius
1704 2669 1715 2712 ΙΙ
1761 2671 1790 2702 7.
1818 2667 1898 2713 Age
1923 2668 1935 2713 ,ᾗ

188 2729 242 2760 11.
269 2725 470 2772 A{lapsa
503 2729 515 2771 ΙΙ
548 2730 600 2761 15.
623 2728 734 2772 prius
759 2727 917 2762 alterum
945 2740 989 2763 eoe
1015 2728 1131 2762 altere
1157 2739 1247 2763 corr.
1275 2728 1286 2772 ΙΙ
1314 2731 1368 2762 16.
1395 2727 1495 2771 quod
1522 2726 1618 2762 alter
1643 2727 1718 2763 alio
1744 2729 1756 2772 ΙΙ
1782 2730 1836 2762 17.
1864 2726 1934 2762 hoc

186 2796 231 2820 m.
248 2789 278 2828 1,
299 2784 397 2819 hunc
415 2797 460 2821 m.
475 2789 497 2820 4
517 2787 528 2830 ΙΙ
548 2789 604 2821 26.
625 2786 752 2831 apcior
771 2787 782 2831 ΙΙ
802 2790 858 2822 27.
879 2799 1015 2833 gracae
1035 2789 1047 2833 ΙΙ
1066 2791 1122 2823 31.
1142 2786 1299 2821 Aluaria
1324 2799 1368 2821 m.
1387 2791 1417 2831 1,
1444 2786 1517 2820 Alu
1538 2786 1641 2821 earia
1661 2799 1703 2822 m.
1720 2790 1742 2821 4
1761 2791 1804 2822 ut
1825 2787 1895 2822 vid.
1921 2795 1935 2842 Η

188 2847 242 2878 32.
270 2843 428 2878 Aluaria
451 2856 497 2880 m.
513 2848 545 2888 1,
571 2844 749 2880 Aluearia
774 2858 818 2881 m.
836 2849 859 2881 4
884 2852 925 2883 ut
949 2848 1022 2883 vid.
1043 2849 1054 2890 [1
1075 2850 1129 2882 33.
1156 2845 1314 2880 Aluaria
1338 2857 1383 2880 m.
1399 2849 1431 2889 1,
1458 2845 1636 2880 Aluearia
1660 2857 1706 2880 m.
1721 2848 1743 2880 4
1768 2849 1810 2881 ut
1829 2846 1900 2880 vid.
1923 2849 1933 2891 fil

188 2906 243 2938 37.
269 2902 453 2948 praetoris
479 2914 524 2938 eo:
547 2904 735 2948 praecoris
762 2916 852 2941 corr.
876 2907 880 2950 Ι
907 2906 1062 2941 tabulae
1087 2918 1131 2941 ex
1157 2905 1289 2939 tabula
1315 2916 1405 2940 corr.
1436 2907 1440 2949 Ι
1470 2906 1557 2939 sunt
1582 2916 1626 2939 ex
1646 2906 1703 2939 est
1728 2916 1818 2940 corr.
1843 2908 1848 2949 Ι
1876 2905 1932 2939 in-

189 2962 301 2997 duces
326 2974 369 3015 m.
388 2965 421 3005 1,
447 2961 605 3007 scriptos
631 2974 710 3009 sup.
737 2976 803 2999 scr.
829 2976 874 3000 m.
889 2967 1016 3010 41138.
1045 2964 1300 2999 amaracinum
1323 2965 1328 3009 Ι
1350 2965 1556 3010 ungentum
1575 2965 1587 3009 ss
1613 2968 1668 2999 39.
1694 2963 1896 2999 Amartath
1920 2964 1932 3010 Η

188 3025 244 3057 42.
270 3020 512 3066 Ambigiosus
537 3033 581 3057 m.
599 3025 630 3065 1,
656 3022 908 3068 Ambiguosus
934 3037 977 3060 m.
994 3029 1015 3059 4
1042 3026 1053 3070 ΙΙ
1079 3028 1133 3059 43.
1161 3023 1366 3058 Ambatum
1390 3035 1436 3059 m.
1454 3027 1484 3069 1,
1512 3023 1696 3058 ambitum
1722 3036 1765 3059 m.
1781 3027 1803 3058 4
1826 3024 1831 3070 Ι
1854 3035 1930 3058 am-

190 3079 372 3115 bitionem
390 3082 402 3126 Η
422 3083 478 3116 45.
504 3080 676 3127 Ambigit
694 3083 705 3127 ΙΙ
725 3086 780 3118 46.
807 3083 1022 3130 Ambigitur
1041 3087 1052 3129 {l
1071 3088 1127 3119 47.
1154 3082 1382 3129 Ambiguato
1403 3083 1414 3127 ΙΙ
