<?xml version="1.0" encoding="UTF-8"?>
<!DOCTYPE html PUBLIC "-//W3C//DTD XHTML 1.0 Transitional//EN"
    "http://www.w3.org/TR/xhtml1/DTD/xhtml1-transitional.dtd">
<html xmlns="http://www.w3.org/1999/xhtml" xml:lang="en" lang="en">
 <head>
  <title>
</title>
<meta http-equiv="Content-Type" content="text/html;charset=utf-8" />
  <meta name='ocr-system' content='tesseract 3.04.00' />
  <meta name='ocr-capabilities' content='ocr_page ocr_carea ocr_par ocr_line ocrx_word'/>
</head>
<body>
  <div class='ocr_page' id='page_1' title='image "./corpusglossarior05linduoft/corpusglossarior05linduoft_0618.png"; bbox 0 0 2221 3490; ppageno 0'>
   <div class='ocr_carea' id='block_1_1' title="bbox 288 171 374 213">
    <p class='ocr_par' dir='ltr' id='par_1_1' title="bbox 288 171 374 213">
     <span class='ocr_line' id='line_1_1' title="bbox 288 171 374 213; baseline 0.012 -1"><span class='ocrx_word' id='word_1_1' title='bbox 288 171 374 213; x_wconf 75' lang='lat'>576</span> 
     </span>
    </p>
   </div>
   <div class='ocr_carea' id='block_1_2' title="bbox 235 279 1146 3189">
    <p class='ocr_par' dir='ltr' id='par_1_2' title="bbox 235 279 1146 3189">
     <span class='ocr_line' id='line_1_2' title="bbox 348 279 1142 335; baseline -0.003 -13"><span class='ocrx_word' id='word_1_2' title='bbox 348 296 469 322; x_wconf 78' lang='lat' dir='ltr'>musa</span> <span class='ocrx_word' id='word_1_3' title='bbox 490 281 669 335; x_wconf 85' lang='lat' dir='ltr'>ponitur</span> <span class='ocrx_word' id='word_1_4' title='bbox 686 279 943 320; x_wconf 83' lang='lat' dir='ltr'>femininum</span> <span class='ocrx_word' id='word_1_5' title='bbox 960 281 1026 320; x_wconf 88' lang='lat' dir='ltr'>est</span> <span class='ocrx_word' id='word_1_6' title='bbox 1046 294 1142 320; x_wconf 86' lang='lat' dir='ltr'>cum</span> 
     </span>
     <span class='ocr_line' id='line_1_3' title="bbox 348 349 928 406; baseline -0.002 -14"><span class='ocrx_word' id='word_1_7' title='bbox 348 367 425 406; x_wconf 88' lang='lat' dir='ltr'>pro</span> <span class='ocrx_word' id='word_1_8' title='bbox 461 354 606 392; x_wconf 85' lang='lat' dir='ltr'>monte</span> <span class='ocrx_word' id='word_1_9' title='bbox 641 349 928 393; x_wconf 87' lang='lat' dir='ltr'>masculinum</span> 
     </span>
     <span class='ocr_line' id='line_1_4' title="bbox 291 422 1112 477; baseline 0 -14"><span class='ocrx_word' id='word_1_10' title='bbox 291 423 381 463; x_wconf 84' lang='lat' dir='ltr'>l’ilo</span> <span class='ocrx_word' id='word_1_11' title='bbox 415 422 629 477; x_wconf 73' lang='lat' dir='ltr'>pistillum</span> <span class='ocrx_word' id='word_1_12' title='bbox 662 422 730 462; x_wconf 92' lang='lat' dir='ltr'>uel</span> <span class='ocrx_word' id='word_1_13' title='bbox 764 437 841 463; x_wconf 83' lang='lat' dir='ltr'>uas</span> <span class='ocrx_word' id='word_1_14' title='bbox 875 437 1112 464; x_wconf 85' lang='lat' dir='ltr'>concauum</span> 
     </span>
     <span class='ocr_line' id='line_1_5' title="bbox 287 493 1143 549; baseline 0.001 -15"><span class='ocrx_word' id='word_1_15' title='bbox 287 494 471 534; x_wconf 85' lang='lat' dir='ltr'>l&#39;innula</span> <span class='ocrx_word' id='word_1_16' title='bbox 492 493 606 535; x_wconf 84' lang='lat' dir='ltr'>auris</span> <span class='ocrx_word' id='word_1_17' title='bbox 630 493 742 547; x_wconf 81' lang='lat' dir='ltr'>quod</span> <span class='ocrx_word' id='word_1_18' title='bbox 771 494 828 534; x_wconf 91' lang='lat' dir='ltr'>sit</span> <span class='ocrx_word' id='word_1_19' title='bbox 855 497 1026 548; x_wconf 85' lang='lat' dir='ltr'>acutam</span> <span class='ocrx_word' id='word_1_20' title='bbox 1053 495 1143 549; x_wconf 83' lang='lat' dir='ltr'>pin-</span> 
     </span>
     <span class='ocr_line' id='line_1_6' title="bbox 345 565 856 620; baseline 0 -14"><span class='ocrx_word' id='word_1_21' title='bbox 345 580 448 606; x_wconf 85' lang='lat' dir='ltr'>num</span> <span class='ocrx_word' id='word_1_22' title='bbox 481 565 647 620; x_wconf 82' lang='lat' dir='ltr'>antiqui</span> <span class='ocrx_word' id='word_1_23' title='bbox 681 568 856 606; x_wconf 84' lang='lat' dir='ltr'>acutum</span> 
     </span>
     <span class='ocr_line' id='line_1_7' title="bbox 286 636 1143 679; baseline 0.001 -2"><span class='ocrx_word' id='word_1_24' title='bbox 286 636 459 678; x_wconf 89' lang='lat' dir='ltr'>Pinsuit</span> <span class='ocrx_word' id='word_1_25' title='bbox 491 636 731 677; x_wconf 89' lang='lat' dir='ltr'>ruminauit</span> <span class='ocrx_word' id='word_1_26' title='bbox 759 636 1014 678; x_wconf 85' lang='lat' dir='ltr'>comminuit</span> <span class='ocrx_word' id='word_1_27' title='bbox 1047 652 1143 679; x_wconf 85' lang='lat' dir='ltr'>con-</span> 
     </span>
     <span class='ocr_line' id='line_1_8' title="bbox 347 707 838 749; baseline 0 -1"><span class='ocrx_word' id='word_1_28' title='bbox 347 708 439 749; x_wconf 91' lang='lat' dir='ltr'>lisit</span> <span class='ocrx_word' id='word_1_29' title='bbox 471 708 679 748; x_wconf 88' lang='lat' dir='ltr'>contriuit</span> <span class='ocrx_word' id='word_1_30' title='bbox 711 707 838 748; x_wconf 87' lang='lat' dir='ltr'>illisit</span> 
     </span>
     <span class='ocr_line' id='line_1_9' title="bbox 287 778 778 834; baseline 0 -14"><span class='ocrx_word' id='word_1_31' title='bbox 287 778 561 820; x_wconf 88' lang='lat' dir='ltr'>Pinnicolum</span> <span class='ocrx_word' id='word_1_32' title='bbox 596 779 778 834; x_wconf 81' lang='lat' dir='ltr'>spongia</span> 
     </span>
     <span class='ocr_line' id='line_1_10' title="bbox 252 850 610 905; baseline 0 -14"><span class='ocrx_word' id='word_1_33' title='bbox 252 863 267 886; x_wconf 75' lang='lat'>⁷1</span> <span class='ocrx_word' id='word_1_34' title='bbox 289 850 458 892; x_wconf 84' lang='lat' dir='ltr'>Primor</span> <span class='ocrx_word' id='word_1_35' title='bbox 490 850 610 905; x_wconf 88' lang='lat' dir='ltr'>prior</span> 
     </span>
     <span class='ocr_line' id='line_1_11' title="bbox 286 921 705 976; baseline 0.002 -13"><span class='ocrx_word' id='word_1_36' title='bbox 286 921 504 964; x_wconf 79' lang='lat' dir='ltr'>Primores</span> <span class='ocrx_word' id='word_1_37' title='bbox 538 922 705 976; x_wconf 81' lang='lat' dir='ltr'>priores</span> 
     </span>
     <span class='ocr_line' id='line_1_12' title="bbox 287 993 964 1049; baseline 0.001 -14"><span class='ocrx_word' id='word_1_38' title='bbox 287 993 477 1049; x_wconf 81' lang='lat' dir='ltr'>Psialegi</span> <span class='ocrx_word' id='word_1_39' title='bbox 510 994 759 1035; x_wconf 88' lang='lat' dir='ltr'>lumborum</span> <span class='ocrx_word' id='word_1_40' title='bbox 793 994 964 1036; x_wconf 86' lang='lat' dir='ltr'>dolores</span> 
     </span>
     <span class='ocr_line' id='line_1_13' title="bbox 286 1064 1126 1120; baseline 0.002 -14"><span class='ocrx_word' id='word_1_41' title='bbox 286 1065 477 1106; x_wconf 82' lang='lat' dir='ltr'>Psitacia</span> <span class='ocrx_word' id='word_1_42' title='bbox 509 1064 716 1120; x_wconf 89' lang='lat' dir='ltr'>psimium</span> <span class='ocrx_word' id='word_1_43' title='bbox 751 1066 941 1108; x_wconf 85' lang='lat' dir='ltr'>amolum</span> <span class='ocrx_word' id='word_1_44' title='bbox 975 1082 1126 1108; x_wconf 76' lang='lat' dir='ltr'>cerusa</span> 
     </span>
     <span class='ocr_line' id='line_1_14' title="bbox 286 1136 921 1192; baseline 0.002 -14"><span class='ocrx_word' id='word_1_45' title='bbox 286 1136 402 1191; x_wconf 70' lang='lat' dir='ltr'>Psile</span> <span class='ocrx_word' id='word_1_46' title='bbox 436 1137 619 1178; x_wconf 74' lang='lat' dir='ltr'>siccitas.</span> <span class='ocrx_word' id='word_1_47' title='bbox 644 1137 734 1178; x_wconf 90' lang='lat' dir='ltr'>siue</span> <span class='ocrx_word' id='word_1_48' title='bbox 768 1153 921 1192; x_wconf 87' lang='lat' dir='ltr'>parum</span> 
     </span>
     <span class='ocr_line' id='line_1_15' title="bbox 236 1208 827 1250; baseline 0.002 -1"><span class='ocrx_word' id='word_1_49' title='bbox 236 1220 266 1244; x_wconf 91' lang='lat'>10</span> <span class='ocrx_word' id='word_1_50' title='bbox 288 1208 410 1250; x_wconf 91' lang='lat' dir='ltr'>Pisso</span> <span class='ocrx_word' id='word_1_51' title='bbox 443 1223 602 1250; x_wconf 84' lang='lat' dir='ltr'>nomen</span> <span class='ocrx_word' id='word_1_52' title='bbox 636 1209 827 1250; x_wconf 86' lang='lat' dir='ltr'>auctoris</span> 
     </span>
     <span class='ocr_line' id='line_1_16' title="bbox 286 1279 905 1335; baseline 0.002 -14"><span class='ocrx_word' id='word_1_53' title='bbox 286 1279 433 1322; x_wconf 88' lang='lat' dir='ltr'>Pistor</span> <span class='ocrx_word' id='word_1_54' title='bbox 464 1280 656 1335; x_wconf 84' lang='lat' dir='ltr'>pistrilla</span> <span class='ocrx_word' id='word_1_55' title='bbox 686 1280 905 1334; x_wconf 81' lang='lat' dir='ltr'>paneficus</span> 
     </span>
     <span class='ocr_line' id='line_1_17' title="bbox 287 1351 1143 1407; baseline 0.001 -15"><span class='ocrx_word' id='word_1_56' title='bbox 287 1351 454 1393; x_wconf 85' lang='lat' dir='ltr'>Pthitia</span> <span class='ocrx_word' id='word_1_57' title='bbox 474 1351 578 1393; x_wconf 88' lang='lat' dir='ltr'>urbs</span> <span class='ocrx_word' id='word_1_58' title='bbox 599 1351 783 1405; x_wconf 72' lang='lat' dir='ltr'>thesalie</span> <span class='ocrx_word' id='word_1_59' title='bbox 805 1352 849 1393; x_wconf 88' lang='lat' dir='ltr'>in</span> <span class='ocrx_word' id='word_1_60' title='bbox 865 1366 950 1407; x_wconf 86' lang='lat' dir='ltr'>qua</span> <span class='ocrx_word' id='word_1_61' title='bbox 973 1351 1143 1393; x_wconf 87' lang='lat' dir='ltr'>achillis</span> 
     </span>
     <span class='ocr_line' id='line_1_18' title="bbox 346 1423 549 1479; baseline 0 -15"><span class='ocrx_word' id='word_1_62' title='bbox 346 1423 549 1479; x_wconf 83' lang='lat' dir='ltr'>regnauit</span> 
     </span>
     <span class='ocr_line' id='line_1_19' title="bbox 288 1494 644 1549; baseline 0 -13"><span class='ocrx_word' id='word_1_63' title='bbox 288 1494 466 1536; x_wconf 86' lang='lat' dir='ltr'>Ptisana</span> <span class='ocrx_word' id='word_1_64' title='bbox 501 1495 644 1549; x_wconf 85' lang='lat' dir='ltr'>pisata</span> 
     </span>
     <span class='ocr_line' id='line_1_20' title="bbox 287 1565 964 1622; baseline 0.001 -16"><span class='ocrx_word' id='word_1_65' title='bbox 287 1565 432 1608; x_wconf 84' lang='lat' dir='ltr'>Ptisso</span> <span class='ocrx_word' id='word_1_66' title='bbox 466 1566 601 1607; x_wconf 84' lang='lat' dir='ltr'>tundo</span> <span class='ocrx_word' id='word_1_67' title='bbox 634 1567 717 1608; x_wconf 84' lang='grc'><strong>1106</strong></span> <span class='ocrx_word' id='word_1_68' title='bbox 750 1569 816 1608; x_wconf 87' lang='lat' dir='ltr'>est</span> <span class='ocrx_word' id='word_1_69' title='bbox 847 1565 964 1622; x_wconf 91' lang='lat' dir='ltr'>pisto</span> 
     </span>
     <span class='ocr_line' id='line_1_21' title="bbox 235 1636 862 1693; baseline 0.003 -16"><span class='ocrx_word' id='word_1_70' title='bbox 235 1647 267 1672; x_wconf 81' lang='lat'>15</span> <span class='ocrx_word' id='word_1_71' title='bbox 287 1636 454 1678; x_wconf 86' lang='lat' dir='ltr'>Pituita</span> <span class='ocrx_word' id='word_1_72' title='bbox 486 1636 605 1693; x_wconf 86' lang='lat' dir='ltr'>lippa</span> <span class='ocrx_word' id='word_1_73' title='bbox 638 1638 862 1680; x_wconf 88' lang='lat' dir='ltr'>oculorum</span> 
     </span>
     <span class='ocr_line' id='line_1_22' title="bbox 288 1707 1143 1764; baseline 0.004 -16"><span class='ocrx_word' id='word_1_74' title='bbox 288 1707 535 1749; x_wconf 84' lang='lat' dir='ltr'>Pithonisse</span> <span class='ocrx_word' id='word_1_75' title='bbox 570 1724 594 1750; x_wconf 85' lang='lat' dir='ltr'>a</span> <span class='ocrx_word' id='word_1_76' title='bbox 625 1709 766 1763; x_wconf 90' lang='lat' dir='ltr'>pithio</span> <span class='ocrx_word' id='word_1_77' title='bbox 807 1709 996 1764; x_wconf 74' lang='lat' dir='ltr'>apolline</span> <span class='ocrx_word' id='word_1_78' title='bbox 1030 1710 1143 1752; x_wconf 81' lang='lat' dir='ltr'>dicte</span> 
     </span>
     <span class='ocr_line' id='line_1_23' title="bbox 348 1780 1142 1834; baseline 0.003 -14"><span class='ocrx_word' id='word_1_79' title='bbox 348 1780 462 1834; x_wconf 82' lang='lat' dir='ltr'>quod</span> <span class='ocrx_word' id='word_1_80' title='bbox 488 1780 557 1821; x_wconf 84' lang='lat' dir='ltr'>his</span> <span class='ocrx_word' id='word_1_81' title='bbox 585 1784 737 1823; x_wconf 89' lang='lat' dir='ltr'>auctor</span> <span class='ocrx_word' id='word_1_82' title='bbox 763 1780 895 1823; x_wconf 83' lang='lat' dir='ltr'>fuerit</span> <span class='ocrx_word' id='word_1_83' title='bbox 922 1781 1142 1822; x_wconf 82' lang='lat' dir='ltr'>diuinandi</span> 
     </span>
     <span class='ocr_line' id='line_1_24' title="bbox 288 1851 1142 1907; baseline 0.002 -15"><span class='ocrx_word' id='word_1_84' title='bbox 288 1851 464 1906; x_wconf 83' lang='lat' dir='ltr'>Pytisso</span> <span class='ocrx_word' id='word_1_85' title='bbox 499 1851 748 1907; x_wconf 86' lang='lat' dir='ltr'>frequenter</span> <span class='ocrx_word' id='word_1_86' title='bbox 780 1855 909 1907; x_wconf 88' lang='lat' dir='ltr'>sputo</span> <span class='ocrx_word' id='word_1_87' title='bbox 937 1852 1006 1895; x_wconf 90' lang='lat' dir='ltr'>uel</span> <span class='ocrx_word' id='word_1_88' title='bbox 1039 1853 1142 1894; x_wconf 88' lang='lat' dir='ltr'>bibo</span> 
     </span>
     <span class='ocr_line' id='line_1_25' title="bbox 288 1921 902 1965; baseline 0.003 -2"><span class='ocrx_word' id='word_1_89' title='bbox 288 1921 434 1964; x_wconf 89' lang='lat' dir='ltr'>Poalis</span> <span class='ocrx_word' id='word_1_90' title='bbox 466 1922 645 1965; x_wconf 85' lang='lat' dir='ltr'>follibus</span> <span class='ocrx_word' id='word_1_91' title='bbox 678 1923 902 1965; x_wconf 83' lang='lat' dir='ltr'>fabrorum</span> 
     </span>
     <span class='ocr_line' id='line_1_26' title="bbox 290 1994 870 2050; baseline 0.003 -16"><span class='ocrx_word' id='word_1_92' title='bbox 290 1994 540 2036; x_wconf 87' lang='lat' dir='ltr'>Podiceleus</span> <span class='ocrx_word' id='word_1_93' title='bbox 575 1994 870 2050; x_wconf 85' lang='lat' dir='ltr'>corruptiuilis</span> 
     </span>
     <span class='ocr_line' id='line_1_27' title="bbox 237 2065 966 2109; baseline 0.003 -3"><span class='ocrx_word' id='word_1_94' title='bbox 237 2077 270 2101; x_wconf 74' lang='lat'>20</span> <span class='ocrx_word' id='word_1_95' title='bbox 289 2065 462 2107; x_wconf 82' lang='lat' dir='ltr'>Pollata</span> <span class='ocrx_word' id='word_1_96' title='bbox 493 2065 640 2108; x_wconf 86' lang='lat' dir='ltr'>tunica</span> <span class='ocrx_word' id='word_1_97' title='bbox 673 2067 966 2109; x_wconf 86' lang='lat' dir='ltr'>multicoloria</span> 
     </span>
     <span class='ocr_line' id='line_1_28' title="bbox 289 2136 1146 2180; baseline 0.004 -3"><span class='ocrx_word' id='word_1_98' title='bbox 289 2136 595 2180; x_wconf 85' lang='lat' dir='ltr'>Polimetarius</span> <span class='ocrx_word' id='word_1_99' title='bbox 612 2137 768 2180; x_wconf 77' lang='lat' dir='ltr'>artifex</span> <span class='ocrx_word' id='word_1_100' title='bbox 783 2139 1146 2180; x_wconf 87' lang='lat' dir='ltr'>uestimentorum</span> 
     </span>
     <span class='ocr_line' id='line_1_29' title="bbox 350 2208 659 2250; baseline 0.003 -1"><span class='ocrx_word' id='word_1_101' title='bbox 350 2208 659 2250; x_wconf 84' lang='lat' dir='ltr'>olosericorum</span> 
     </span>
     <span class='ocr_line' id='line_1_30' title="bbox 292 2274 970 2336; baseline 0.003 -16"><span class='ocrx_word' id='word_1_102' title='bbox 292 2279 465 2321; x_wconf 86' lang='lat' dir='ltr'>Pollata</span> <span class='ocrx_word' id='word_1_103' title='bbox 497 2274 644 2322; x_wconf 70' lang='lat' dir='ltr'>tunica</span> <span class='ocrx_word' id='word_1_104' title='bbox 676 2280 803 2336; x_wconf 82' lang='lat' dir='ltr'>nigra</span> <span class='ocrx_word' id='word_1_105' title='bbox 834 2280 970 2323; x_wconf 87' lang='lat' dir='ltr'>uestis</span> 
     </span>
     <span class='ocr_line' id='line_1_31' title="bbox 292 2350 1037 2397; baseline 0.008 -6"><span class='ocrx_word' id='word_1_106' title='bbox 292 2350 498 2392; x_wconf 86' lang='lat' dir='ltr'>Polimita</span> <span class='ocrx_word' id='word_1_107' title='bbox 530 2352 825 2394; x_wconf 87' lang='lat' dir='ltr'>multicoloria</span> <span class='ocrx_word' id='word_1_108' title='bbox 857 2353 979 2394; x_wconf 82' lang='lat' dir='ltr'>uaria</span> <span class='ocrx_word' id='word_1_109' title='bbox 1026 2384 1037 2397; x_wconf 48' lang='grc' dir='ltr'><em>ς</em></span> 
     </span>
     <span class='ocr_line' id='line_1_32' title="bbox 293 2422 1108 2466; baseline 0.004 -4"><span class='ocrx_word' id='word_1_110' title='bbox 293 2422 574 2464; x_wconf 76' lang='lat' dir='ltr'>poliandrum</span> <span class='ocrx_word' id='word_1_111' title='bbox 606 2423 800 2464; x_wconf 88' lang='lat' dir='ltr'>tumulus</span> <span class='ocrx_word' id='word_1_112' title='bbox 834 2426 1108 2466; x_wconf 90' lang='lat' dir='ltr'>mortuorum</span> 
     </span>
     <span class='ocr_line' id='line_1_33' title="bbox 238 2493 1098 2549; baseline 0.005 -17"><span class='ocrx_word' id='word_1_113' title='bbox 238 2506 272 2531; x_wconf 84' lang='lat'>25</span> <span class='ocrx_word' id='word_1_114' title='bbox 294 2493 493 2536; x_wconf 85' lang='lat' dir='ltr'>Polincto</span> <span class='ocrx_word' id='word_1_115' title='bbox 527 2494 602 2535; x_wconf 90' lang='lat' dir='ltr'>ubi</span> <span class='ocrx_word' id='word_1_116' title='bbox 635 2495 844 2536; x_wconf 82' lang='lat' dir='ltr'>cadauera</span> <span class='ocrx_word' id='word_1_117' title='bbox 875 2498 1098 2549; x_wconf 83' lang='lat' dir='ltr'>ponuntur</span> 
     </span>
     <span class='ocr_line' id='line_1_34' title="bbox 291 2565 907 2622; baseline 0.003 -16"><span class='ocrx_word' id='word_1_118' title='bbox 291 2565 475 2607; x_wconf 81' lang='lat' dir='ltr'>Polenta</span> <span class='ocrx_word' id='word_1_119' title='bbox 507 2579 643 2621; x_wconf 82' lang='lat' dir='ltr'>genus</span> <span class='ocrx_word' id='word_1_120' title='bbox 675 2566 907 2622; x_wconf 80' lang='lat' dir='ltr'>leguminis</span> 
     </span>
     <span class='ocr_line' id='line_1_35' title="bbox 291 2635 1145 2681; baseline 0.005 -4"><span class='ocrx_word' id='word_1_121' title='bbox 291 2635 516 2679; x_wconf 87' lang='lat' dir='ltr'>Polinctus</span> <span class='ocrx_word' id='word_1_122' title='bbox 561 2637 717 2679; x_wconf 89' lang='lat' dir='ltr'>ultimo</span> <span class='ocrx_word' id='word_1_123' title='bbox 762 2638 926 2680; x_wconf 89' lang='lat' dir='ltr'>honore</span> <span class='ocrx_word' id='word_1_124' title='bbox 966 2639 1145 2681; x_wconf 82' lang='lat' dir='ltr'>affectus</span> 
     </span>
     <span class='ocr_line' id='line_1_36' title="bbox 350 2707 708 2750; baseline 0.003 -2"><span class='ocrx_word' id='word_1_125' title='bbox 350 2707 463 2750; x_wconf 87' lang='lat' dir='ltr'>idest</span> <span class='ocrx_word' id='word_1_126' title='bbox 494 2708 708 2750; x_wconf 84' lang='lat' dir='ltr'>humanus</span> 
     </span>
     <span class='ocr_line' id='line_1_37' title="bbox 293 2779 892 2822; baseline 0.003 -2"><span class='ocrx_word' id='word_1_127' title='bbox 293 2779 610 2821; x_wconf 84' lang='lat' dir='ltr'>Pollucibilitas</span> <span class='ocrx_word' id='word_1_128' title='bbox 644 2779 892 2822; x_wconf 86' lang='lat' dir='ltr'>humanitas</span> 
     </span>
     <span class='ocr_line' id='line_1_38' title="bbox 293 2851 1144 2894; baseline 0.002 -3"><span class='ocrx_word' id='word_1_129' title='bbox 293 2851 534 2892; x_wconf 80' lang='lat' dir='ltr'>l‘olimatus</span> <span class='ocrx_word' id='word_1_130' title='bbox 557 2854 623 2892; x_wconf 90' lang='lat' dir='ltr'>est</span> <span class='ocrx_word' id='word_1_131' title='bbox 650 2854 794 2893; x_wconf 84' lang='lat' dir='ltr'>textus</span> <span class='ocrx_word' id='word_1_132' title='bbox 823 2852 1056 2893; x_wconf 84' lang='lat' dir='ltr'>multorum</span> <span class='ocrx_word' id='word_1_133' title='bbox 1081 2866 1144 2894; x_wconf 85' lang='lat' dir='ltr'>co-</span> 
     </span>
     <span class='ocr_line' id='line_1_39' title="bbox 354 2923 493 2963; baseline 0.007 -1"><span class='ocrx_word' id='word_1_134' title='bbox 354 2923 493 2963; x_wconf 86' lang='lat' dir='ltr'>lorum</span> 
     </span>
     <span class='ocr_line' id='line_1_40' title="bbox 240 2991 828 3036; baseline 0.005 -3"><span class='ocrx_word' id='word_1_135' title='bbox 240 3006 273 3029; x_wconf 64' lang='grc'>30</span> <span class='ocrx_word' id='word_1_136' title='bbox 296 2991 555 3034; x_wconf 86' lang='lat' dir='ltr'>Polimitarii</span> <span class='ocrx_word' id='word_1_137' title='bbox 588 2993 828 3036; x_wconf 80' lang='lat' dir='ltr'>uariatoros</span> 
     </span>
     <span class='ocr_line' id='line_1_41' title="bbox 293 3063 1062 3121; baseline 0.005 -18"><span class='ocrx_word' id='word_1_138' title='bbox 293 3063 495 3105; x_wconf 84' lang='lat' dir='ltr'>Polluceo</span> <span class='ocrx_word' id='word_1_139' title='bbox 528 3065 738 3119; x_wconf 82' lang='lat' dir='ltr'>promitto</span> <span class='ocrx_word' id='word_1_140' title='bbox 772 3066 839 3107; x_wconf 78' lang='lat' dir='ltr'>uel</span> <span class='ocrx_word' id='word_1_141' title='bbox 875 3066 1062 3121; x_wconf 70' lang='lat' dir='ltr'>adiungo</span> 
     </span>
     <span class='ocr_line' id='line_1_42' title="bbox 294 3133 718 3189; baseline 0.005 -15"><span class='ocrx_word' id='word_1_142' title='bbox 294 3133 483 3176; x_wconf 83' lang='lat' dir='ltr'>Pollicus</span> <span class='ocrx_word' id='word_1_143' title='bbox 516 3136 718 3189; x_wconf 75' lang='lat' dir='ltr'>promisit</span> 
     </span>
    </p>
   </div>
   <div class='ocr_carea' id='block_1_3' title="bbox 698 168 1624 205">
    <p class='ocr_par' dir='ltr' id='par_1_3' title="bbox 698 168 1624 205">
     <span class='ocr_line' id='line_1_43' title="bbox 698 168 1624 205; baseline -0.002 0"><span class='ocrx_word' id='word_1_144' title='bbox 698 169 953 205; x_wconf 84' lang='lat' dir='ltr'><strong>EXCERPTA</strong></span> <span class='ocrx_word' id='word_1_145' title='bbox 981 169 1046 203; x_wconf 86' lang='lat' dir='ltr'>EX</span> <span class='ocrx_word' id='word_1_146' title='bbox 1073 168 1244 205; x_wconf 87' lang='lat' dir='ltr'>CODICE</span> <span class='ocrx_word' id='word_1_147' title='bbox 1272 168 1553 205; x_wconf 82' lang='lat' dir='ltr'>CASSINENSI</span> <span class='ocrx_word' id='word_1_148' title='bbox 1581 173 1624 203; x_wconf 82' lang='lat'>90</span> 
     </span>
    </p>
   </div>
   <div class='ocr_carea' id='block_1_4' title="bbox 1180 278 2094 3191">
    <p class='ocr_par' dir='ltr' id='par_1_4' title="bbox 1182 278 2037 404">
     <span class='ocr_line' id='line_1_44' title="bbox 1182 278 2037 333; baseline 0.001 -13"><span class='ocrx_word' id='word_1_149' title='bbox 1182 279 1430 320; x_wconf 83' lang='lat' dir='ltr'>Pomerium</span> <span class='ocrx_word' id='word_1_150' title='bbox 1480 279 1601 321; x_wconf 80' lang='lat' dir='ltr'>locus</span> <span class='ocrx_word' id='word_1_151' title='bbox 1652 278 1875 333; x_wconf 85' lang='lat' dir='ltr'>proximus</span> <span class='ocrx_word' id='word_1_152' title='bbox 1927 280 2037 322; x_wconf 86' lang='lat' dir='ltr'>mari</span> 
     </span>
     <span class='ocr_line' id='line_1_45' title="bbox 1241 350 2035 404; baseline 0.003 -13"><span class='ocrx_word' id='word_1_153' title='bbox 1241 351 1310 391; x_wconf 88' lang='lat' dir='ltr'>uel</span> <span class='ocrx_word' id='word_1_154' title='bbox 1343 350 1453 391; x_wconf 87' lang='lat' dir='ltr'>muri</span> <span class='ocrx_word' id='word_1_155' title='bbox 1489 351 1564 391; x_wconf 85' lang='lat' dir='ltr'>ubi</span> <span class='ocrx_word' id='word_1_156' title='bbox 1598 350 1775 391; x_wconf 84' lang='lat' dir='ltr'>arbores</span> <span class='ocrx_word' id='word_1_157' title='bbox 1807 364 2035 404; x_wconf 87' lang='lat' dir='ltr'>pomorum</span> 
     </span>
    </p>

    <p class='ocr_par' dir='ltr' id='par_1_5' title="bbox 1181 421 1845 477">
     <span class='ocr_line' id='line_1_46' title="bbox 1181 421 1845 477; baseline 0 -15"><span class='ocrx_word' id='word_1_158' title='bbox 1181 421 1299 463; x_wconf 86' lang='lat' dir='ltr'>Pone</span> <span class='ocrx_word' id='word_1_159' title='bbox 1332 424 1504 477; x_wconf 79' lang='lat' dir='ltr'>tergum</span> <span class='ocrx_word' id='word_1_160' title='bbox 1537 424 1637 476; x_wconf 85' lang='lat' dir='ltr'>post</span> <span class='ocrx_word' id='word_1_161' title='bbox 1670 422 1845 463; x_wconf 87' lang='lat' dir='ltr'>dorsum</span> 
     </span>
    </p>

    <p class='ocr_par' dir='ltr' id='par_1_6' title="bbox 1181 492 2091 547">
     <span class='ocr_line' id='line_1_47' title="bbox 1181 492 2091 547; baseline 0 -13"><span class='ocrx_word' id='word_1_162' title='bbox 1181 492 1348 547; x_wconf 82' lang='lat' dir='ltr'>Popina</span> <span class='ocrx_word' id='word_1_163' title='bbox 1379 508 1537 534; x_wconf 88' lang='grc'><strong>110111611</strong></span> <span class='ocrx_word' id='word_1_164' title='bbox 1570 493 1810 535; x_wconf 86' lang='lat' dir='ltr'>meretricis</span> <span class='ocrx_word' id='word_1_165' title='bbox 2057 504 2091 530; x_wconf 78' lang='lat'>³5</span> 
     </span>
    </p>

    <p class='ocr_par' dir='ltr' id='par_1_7' title="bbox 1180 563 1472 619">
     <span class='ocr_line' id='line_1_48' title="bbox 1180 563 1472 619; baseline 0.003 -14"><span class='ocrx_word' id='word_1_166' title='bbox 1180 563 1326 619; x_wconf 92' lang='lat' dir='ltr'>Popus</span> <span class='ocrx_word' id='word_1_167' title='bbox 1359 564 1472 606; x_wconf 90' lang='lat' dir='ltr'>filios</span> 
     </span>
    </p>

    <p class='ocr_par' dir='ltr' id='par_1_8' title="bbox 1180 635 2039 761">
     <span class='ocr_line' id='line_1_49' title="bbox 1180 635 2039 691; baseline -0.001 -13"><span class='ocrx_word' id='word_1_168' title='bbox 1180 635 1319 678; x_wconf 84' lang='lat' dir='ltr'>Porea</span> <span class='ocrx_word' id='word_1_169' title='bbox 1340 636 1452 690; x_wconf 85' lang='lat' dir='ltr'>quod</span> <span class='ocrx_word' id='word_1_170' title='bbox 1474 638 1645 677; x_wconf 87' lang='lat' dir='ltr'>constet</span> <span class='ocrx_word' id='word_1_171' title='bbox 1670 636 1715 677; x_wconf 88' lang='lat' dir='ltr'>in</span> <span class='ocrx_word' id='word_1_172' title='bbox 1744 635 1904 678; x_wconf 86' lang='lat' dir='ltr'>arando</span> <span class='ocrx_word' id='word_1_173' title='bbox 1926 636 2039 691; x_wconf 83' lang='lat' dir='ltr'>quod</span> 
     </span>
     <span class='ocr_line' id='line_1_50' title="bbox 1241 707 1667 761; baseline -0.005 -12"><span class='ocrx_word' id='word_1_174' title='bbox 1241 707 1439 749; x_wconf 81' lang='lat' dir='ltr'>defusum</span> <span class='ocrx_word' id='word_1_175' title='bbox 1473 709 1540 748; x_wconf 91' lang='lat' dir='ltr'>est</span> <span class='ocrx_word' id='word_1_176' title='bbox 1572 707 1667 761; x_wconf 86' lang='lat' dir='ltr'>lyra</span> 
     </span>
    </p>

    <p class='ocr_par' dir='ltr' id='par_1_9' title="bbox 1183 778 2036 834">
     <span class='ocr_line' id='line_1_51' title="bbox 1183 778 2036 834; baseline -0.001 -14"><span class='ocrx_word' id='word_1_177' title='bbox 1183 779 1380 821; x_wconf 86' lang='lat' dir='ltr'>Portitur</span> <span class='ocrx_word' id='word_1_178' title='bbox 1392 779 1464 833; x_wconf 88' lang='lat' dir='ltr'>qui</span> <span class='ocrx_word' id='word_1_179' title='bbox 1478 778 1641 833; x_wconf 87' lang='lat' dir='ltr'>aliquid</span> <span class='ocrx_word' id='word_1_180' title='bbox 1656 781 1804 834; x_wconf 88' lang='lat' dir='ltr'>portat</span> <span class='ocrx_word' id='word_1_181' title='bbox 1818 778 1888 820; x_wconf 88' lang='lat' dir='ltr'>uel</span> <span class='ocrx_word' id='word_1_182' title='bbox 1902 780 2036 820; x_wconf 85' lang='lat' dir='ltr'>nauta</span> 
     </span>
    </p>

    <p class='ocr_par' dir='ltr' id='par_1_10' title="bbox 1183 850 1801 905">
     <span class='ocr_line' id='line_1_52' title="bbox 1183 850 1801 905; baseline 0 -13"><span class='ocrx_word' id='word_1_183' title='bbox 1183 851 1369 893; x_wconf 85' lang='lat' dir='ltr'>Porcula</span> <span class='ocrx_word' id='word_1_184' title='bbox 1401 865 1603 892; x_wconf 83' lang='lat' dir='ltr'>mensura</span> <span class='ocrx_word' id='word_1_185' title='bbox 1633 850 1801 905; x_wconf 85' lang='lat' dir='ltr'>pertica</span> 
     </span>
    </p>

    <p class='ocr_par' dir='ltr' id='par_1_11' title="bbox 1181 922 2092 964">
     <span class='ocr_line' id='line_1_53' title="bbox 1181 922 2092 964; baseline 0 -1"><span class='ocrx_word' id='word_1_186' title='bbox 1181 922 1414 964; x_wconf 86' lang='lat' dir='ltr'>Proaiston</span> <span class='ocrx_word' id='word_1_187' title='bbox 1447 922 1697 964; x_wconf 81' lang='lat' dir='ltr'>suburbana</span> <span class='ocrx_word' id='word_1_188' title='bbox 2057 935 2092 958; x_wconf 81' lang='lat'>‹10</span> 
     </span>
    </p>

    <p class='ocr_par' dir='ltr' id='par_1_12' title="bbox 1182 993 1680 1036">
     <span class='ocr_line' id='line_1_54' title="bbox 1182 993 1680 1036; baseline 0.002 -1"><span class='ocrx_word' id='word_1_189' title='bbox 1182 993 1415 1035; x_wconf 82' lang='lat' dir='ltr'>Procastor</span> <span class='ocrx_word' id='word_1_190' title='bbox 1448 997 1680 1036; x_wconf 78' lang='lat' dir='ltr'>uenti-osus</span> 
     </span>
    </p>

    <p class='ocr_par' dir='ltr' id='par_1_13' title="bbox 1182 1064 1990 1120">
     <span class='ocr_line' id='line_1_55' title="bbox 1182 1064 1990 1120; baseline -0.001 -14"><span class='ocrx_word' id='word_1_191' title='bbox 1182 1064 1430 1107; x_wconf 83' lang='lat' dir='ltr'>Procastria</span> <span class='ocrx_word' id='word_1_192' title='bbox 1463 1081 1545 1120; x_wconf 68' lang='lat' dir='ltr'>que</span> <span class='ocrx_word' id='word_1_193' title='bbox 1579 1069 1678 1107; x_wconf 82' lang='lat' dir='ltr'>ante</span> <span class='ocrx_word' id='word_1_194' title='bbox 1712 1067 1856 1107; x_wconf 84' lang='lat' dir='ltr'>castra</span> <span class='ocrx_word' id='word_1_195' title='bbox 1889 1067 1990 1106; x_wconf 84' lang='lat' dir='ltr'>sunt</span> 
     </span>
    </p>

    <p class='ocr_par' dir='ltr' id='par_1_14' title="bbox 1183 1135 2039 1263">
     <span class='ocr_line' id='line_1_56' title="bbox 1183 1135 2039 1195; baseline 0 -18"><span class='ocrx_word' id='word_1_196' title='bbox 1183 1136 1439 1178; x_wconf 87' lang='lat' dir='ltr'>Procinctus</span> <span class='ocrx_word' id='word_1_197' title='bbox 1472 1137 1635 1179; x_wconf 83' lang='lat' dir='ltr'>bellum</span> <span class='ocrx_word' id='word_1_198' title='bbox 1663 1152 1737 1178; x_wconf 89' lang='lat' dir='ltr'>seu</span> <span class='ocrx_word' id='word_1_199' title='bbox 1762 1135 2039 1195; x_wconf 63' lang='lat' dir='ltr'>praeparatio</span> 
     </span>
     <span class='ocr_line' id='line_1_57' title="bbox 1242 1223 1385 1263; baseline 0 -14"><span class='ocrx_word' id='word_1_200' title='bbox 1242 1223 1385 1263; x_wconf 81' lang='lat' dir='ltr'>pugne</span> 
     </span>
    </p>

    <p class='ocr_par' dir='ltr' id='par_1_15' title="bbox 1184 1279 1724 1334">
     <span class='ocr_line' id='line_1_58' title="bbox 1184 1279 1724 1334; baseline -0.002 -13"><span class='ocrx_word' id='word_1_201' title='bbox 1184 1280 1375 1321; x_wconf 86' lang='lat' dir='ltr'>Procliui</span> <span class='ocrx_word' id='word_1_202' title='bbox 1409 1280 1548 1321; x_wconf 86' lang='lat' dir='ltr'>facere</span> <span class='ocrx_word' id='word_1_203' title='bbox 1580 1279 1724 1334; x_wconf 77' lang='lat' dir='ltr'>parati</span> 
     </span>
    </p>

    <p class='ocr_par' dir='ltr' id='par_1_16' title="bbox 1183 1350 2092 1392">
     <span class='ocr_line' id='line_1_59' title="bbox 1183 1350 2092 1392; baseline 0 0"><span class='ocrx_word' id='word_1_204' title='bbox 1183 1350 1439 1392; x_wconf 83' lang='lat' dir='ltr'>Procumbit</span> <span class='ocrx_word' id='word_1_205' title='bbox 1471 1351 1656 1392; x_wconf 88' lang='lat' dir='ltr'>multum</span> <span class='ocrx_word' id='word_1_206' title='bbox 1683 1351 1780 1392; x_wconf 89' lang='lat' dir='ltr'>fluit</span> <span class='ocrx_word' id='word_1_207' title='bbox 2059 1363 2092 1388; x_wconf 75' lang='lat'>45</span> 
     </span>
    </p>

    <p class='ocr_par' dir='ltr' id='par_1_17' title="bbox 1185 1422 1699 1478">
     <span class='ocr_line' id='line_1_60' title="bbox 1185 1422 1699 1478; baseline 0.004 -15"><span class='ocrx_word' id='word_1_208' title='bbox 1185 1422 1403 1464; x_wconf 84' lang='lat' dir='ltr'>Proculsit</span> <span class='ocrx_word' id='word_1_209' title='bbox 1434 1422 1525 1464; x_wconf 83' lang='lat' dir='ltr'>filia</span> <span class='ocrx_word' id='word_1_210' title='bbox 1555 1423 1699 1478; x_wconf 88' lang='lat' dir='ltr'>neptis</span> 
     </span>
    </p>

    <p class='ocr_par' dir='ltr' id='par_1_18' title="bbox 1183 1492 2039 1621">
     <span class='ocr_line' id='line_1_61' title="bbox 1183 1492 2039 1549; baseline 0 -15"><span class='ocrx_word' id='word_1_211' title='bbox 1183 1493 1340 1536; x_wconf 84' lang='lat' dir='ltr'>Procul</span> <span class='ocrx_word' id='word_1_212' title='bbox 1369 1494 1536 1549; x_wconf 88' lang='lat' dir='ltr'>positas</span> <span class='ocrx_word' id='word_1_213' title='bbox 1567 1495 1767 1536; x_wconf 84' lang='lat' dir='ltr'>nationes</span> <span class='ocrx_word' id='word_1_214' title='bbox 1793 1492 2039 1548; x_wconf 84' lang='lat' dir='ltr'>prouincias</span> 
     </span>
     <span class='ocr_line' id='line_1_62' title="bbox 1244 1565 1573 1621; baseline 0.003 -15"><span class='ocrx_word' id='word_1_215' title='bbox 1244 1565 1573 1621; x_wconf 85' lang='lat' dir='ltr'>appellauerunt</span> 
     </span>
    </p>

    <p class='ocr_par' dir='ltr' id='par_1_19' title="bbox 1183 1635 1582 1693">
     <span class='ocr_line' id='line_1_63' title="bbox 1183 1635 1582 1693; baseline 0.005 -16"><span class='ocrx_word' id='word_1_216' title='bbox 1183 1635 1444 1678; x_wconf 84' lang='lat' dir='ltr'>Prohoemia</span> <span class='ocrx_word' id='word_1_217' title='bbox 1475 1637 1582 1693; x_wconf 81' lang='lat' dir='ltr'>ligia</span> 
     </span>
    </p>

    <p class='ocr_par' dir='ltr' id='par_1_20' title="bbox 1182 1708 1902 1763">
     <span class='ocr_line' id='line_1_64' title="bbox 1182 1708 1902 1763; baseline 0.003 -15"><span class='ocrx_word' id='word_1_218' title='bbox 1182 1708 1439 1750; x_wconf 83' lang='lat' dir='ltr'>Prochirum</span> <span class='ocrx_word' id='word_1_219' title='bbox 1472 1711 1621 1763; x_wconf 81' lang='lat' dir='ltr'>sporta.</span> <span class='ocrx_word' id='word_1_220' title='bbox 1653 1709 1902 1751; x_wconf 87' lang='lat' dir='ltr'>manuensis</span> 
     </span>
    </p>

    <p class='ocr_par' dir='ltr' id='par_1_21' title="bbox 1181 1778 2094 1893">
     <span class='ocr_line' id='line_1_65' title="bbox 1181 1778 2094 1836; baseline 0.001 -17"><span class='ocrx_word' id='word_1_221' title='bbox 1181 1778 1357 1820; x_wconf 81' lang='lat' dir='ltr'>Prolixa</span> <span class='ocrx_word' id='word_1_222' title='bbox 1385 1778 1459 1834; x_wconf 87' lang='lat' dir='ltr'>qui</span> <span class='ocrx_word' id='word_1_223' title='bbox 1488 1783 1615 1834; x_wconf 86' lang='lat' dir='ltr'>putre</span> <span class='ocrx_word' id='word_1_224' title='bbox 1642 1780 1816 1836; x_wconf 82' lang='lat' dir='ltr'>longius</span> <span class='ocrx_word' id='word_1_225' title='bbox 1849 1779 2036 1836; x_wconf 79' lang='lat' dir='ltr'>peregri·</span> <span class='ocrx_word' id='word_1_226' title='bbox 2060 1792 2094 1817; x_wconf 78' lang='lat'>50</span> 
     </span>
     <span class='ocr_line' id='line_1_66' title="bbox 1240 1853 1584 1893; baseline 0 -1"><span class='ocrx_word' id='word_1_227' title='bbox 1240 1853 1371 1892; x_wconf 82' lang='lat' dir='ltr'>nante</span> <span class='ocrx_word' id='word_1_228' title='bbox 1404 1854 1584 1893; x_wconf 84' lang='lat' dir='ltr'>narrant</span> 
     </span>
    </p>

    <p class='ocr_par' dir='ltr' id='par_1_22' title="bbox 1183 1921 1861 1979">
     <span class='ocr_line' id='line_1_67' title="bbox 1183 1921 1861 1979; baseline 0.004 -17"><span class='ocrx_word' id='word_1_229' title='bbox 1183 1921 1420 1963; x_wconf 86' lang='lat' dir='ltr'>Prolimam</span> <span class='ocrx_word' id='word_1_230' title='bbox 1453 1923 1683 1965; x_wconf 81' lang='lat' dir='ltr'>demicatio</span> <span class='ocrx_word' id='word_1_231' title='bbox 1716 1937 1861 1979; x_wconf 81' lang='lat' dir='ltr'>pugne</span> 
     </span>
    </p>

    <p class='ocr_par' dir='ltr' id='par_1_23' title="bbox 1181 1992 2037 2123">
     <span class='ocr_line' id='line_1_68' title="bbox 1181 1992 2037 2050; baseline 0.001 -16"><span class='ocrx_word' id='word_1_232' title='bbox 1181 1992 1460 2035; x_wconf 86' lang='lat' dir='ltr'>Promuscide</span> <span class='ocrx_word' id='word_1_233' title='bbox 1479 1997 1671 2036; x_wconf 88' lang='lat' dir='ltr'>rostrum</span> <span class='ocrx_word' id='word_1_234' title='bbox 1686 1994 1908 2050; x_wconf 86' lang='lat' dir='ltr'>elephanti</span> <span class='ocrx_word' id='word_1_235' title='bbox 1923 1994 2037 2049; x_wconf 83' lang='lat' dir='ltr'>quod</span> 
     </span>
     <span class='ocr_line' id='line_1_69' title="bbox 1244 2065 1650 2123; baseline 0.005 -17"><span class='ocrx_word' id='word_1_236' title='bbox 1244 2065 1385 2107; x_wconf 90' lang='lat' dir='ltr'>simile</span> <span class='ocrx_word' id='word_1_237' title='bbox 1419 2069 1484 2108; x_wconf 89' lang='lat' dir='ltr'>est</span> <span class='ocrx_word' id='word_1_238' title='bbox 1517 2067 1650 2123; x_wconf 78' lang='lat' dir='ltr'>angui</span> 
     </span>
    </p>

    <p class='ocr_par' dir='ltr' id='par_1_24' title="bbox 1184 2136 2039 2250">
     <span class='ocr_line' id='line_1_70' title="bbox 1184 2136 2039 2181; baseline 0.002 -4"><span class='ocrx_word' id='word_1_239' title='bbox 1184 2136 1509 2179; x_wconf 86' lang='lat' dir='ltr'>Promutorium</span> <span class='ocrx_word' id='word_1_240' title='bbox 1552 2153 1704 2181; x_wconf 80' lang='lat' dir='ltr'>saxum</span> <span class='ocrx_word' id='word_1_241' title='bbox 1745 2138 1854 2180; x_wconf 89' lang='lat' dir='ltr'>mari</span> <span class='ocrx_word' id='word_1_242' title='bbox 1897 2137 2039 2179; x_wconf 90' lang='lat' dir='ltr'>immi-</span> 
     </span>
     <span class='ocr_line' id='line_1_71' title="bbox 1243 2223 1348 2250; baseline 0.01 -1"><span class='ocrx_word' id='word_1_243' title='bbox 1243 2223 1348 2250; x_wconf 83' lang='lat' dir='ltr'>nens</span> 
     </span>
    </p>

    <p class='ocr_par' dir='ltr' id='par_1_25' title="bbox 1185 2278 2039 2406">
     <span class='ocr_line' id='line_1_72' title="bbox 1185 2278 2039 2336; baseline 0.001 -16"><span class='ocrx_word' id='word_1_244' title='bbox 1185 2278 1444 2335; x_wconf 82' lang='lat' dir='ltr'>Promulgat</span> <span class='ocrx_word' id='word_1_245' title='bbox 1456 2281 1692 2336; x_wconf 77' lang='lat' dir='ltr'>sacrilegus</span> <span class='ocrx_word' id='word_1_246' title='bbox 1706 2281 1819 2323; x_wconf 88' lang='lat' dir='ltr'>idest</span> <span class='ocrx_word' id='word_1_247' title='bbox 1828 2280 2039 2336; x_wconf 88' lang='lat' dir='ltr'>templum</span> 
     </span>
     <span class='ocr_line' id='line_1_73' title="bbox 1244 2351 1442 2406; baseline 0.01 -15"><span class='ocrx_word' id='word_1_248' title='bbox 1244 2351 1442 2406; x_wconf 83' lang='lat' dir='ltr'>polluens</span> 
     </span>
    </p>

    <p class='ocr_par' dir='ltr' id='par_1_26' title="bbox 1185 2421 2093 2478">
     <span class='ocr_line' id='line_1_74' title="bbox 1185 2421 2093 2478; baseline 0.002 -15"><span class='ocrx_word' id='word_1_249' title='bbox 1185 2421 1394 2477; x_wconf 85' lang='lat' dir='ltr'>Propinat</span> <span class='ocrx_word' id='word_1_250' title='bbox 1425 2427 1576 2478; x_wconf 85' lang='lat' dir='ltr'>potum</span> <span class='ocrx_word' id='word_1_251' title='bbox 1611 2424 1685 2465; x_wconf 85' lang='lat' dir='ltr'>dat</span> <span class='ocrx_word' id='word_1_252' title='bbox 2060 2433 2093 2459; x_wconf 84' lang='lat'>5⁵</span> 
     </span>
    </p>

    <p class='ocr_par' dir='ltr' id='par_1_27' title="bbox 1184 2492 1748 2550">
     <span class='ocr_line' id='line_1_75' title="bbox 1184 2492 1748 2550; baseline 0.005 -17"><span class='ocrx_word' id='word_1_253' title='bbox 1184 2492 1466 2548; x_wconf 84' lang='lat' dir='ltr'>Propularius</span> <span class='ocrx_word' id='word_1_254' title='bbox 1500 2495 1748 2550; x_wconf 63' lang='lat' dir='ltr'>negotiator</span> 
     </span>
    </p>

    <p class='ocr_par' dir='ltr' id='par_1_28' title="bbox 1184 2564 2040 2693">
     <span class='ocr_line' id='line_1_76' title="bbox 1184 2564 2040 2621; baseline 0.001 -16"><span class='ocrx_word' id='word_1_255' title='bbox 1184 2564 1365 2606; x_wconf 85' lang='lat' dir='ltr'>Proreta</span> <span class='ocrx_word' id='word_1_256' title='bbox 1410 2566 1630 2620; x_wconf 87' lang='lat' dir='ltr'>inspector</span> <span class='ocrx_word' id='word_1_257' title='bbox 1675 2567 1747 2621; x_wconf 89' lang='lat' dir='ltr'>qui</span> <span class='ocrx_word' id='word_1_258' title='bbox 1793 2566 1953 2608; x_wconf 85' lang='lat' dir='ltr'>residet</span> <span class='ocrx_word' id='word_1_259' title='bbox 1996 2565 2040 2607; x_wconf 89' lang='grc'>111</span> 
     </span>
     <span class='ocr_line' id='line_1_77' title="bbox 1244 2637 1920 2693; baseline 0.001 -16"><span class='ocrx_word' id='word_1_260' title='bbox 1244 2651 1373 2691; x_wconf 87' lang='lat' dir='ltr'>prora</span> <span class='ocrx_word' id='word_1_261' title='bbox 1406 2640 1449 2678; x_wconf 87' lang='lat' dir='ltr'>et</span> <span class='ocrx_word' id='word_1_262' title='bbox 1480 2638 1673 2693; x_wconf 85' lang='lat' dir='ltr'>pericula</span> <span class='ocrx_word' id='word_1_263' title='bbox 1704 2637 1920 2693; x_wconf 87' lang='lat' dir='ltr'>prospicit</span> 
     </span>
    </p>

    <p class='ocr_par' dir='ltr' id='par_1_29' title="bbox 1184 2707 1826 2764">
     <span class='ocr_line' id='line_1_78' title="bbox 1184 2707 1826 2764; baseline 0.003 -15"><span class='ocrx_word' id='word_1_264' title='bbox 1184 2707 1366 2750; x_wconf 85' lang='lat' dir='ltr'>Proreta</span> <span class='ocrx_word' id='word_1_265' title='bbox 1398 2709 1521 2750; x_wconf 86' lang='lat' dir='ltr'>nauis</span> <span class='ocrx_word' id='word_1_266' title='bbox 1559 2709 1826 2764; x_wconf 80' lang='lat' dir='ltr'>gubernator</span> 
     </span>
    </p>

    <p class='ocr_par' dir='ltr' id='par_1_30' title="bbox 1184 2779 1934 2836">
     <span class='ocr_line' id='line_1_79' title="bbox 1184 2779 1934 2836; baseline 0.001 -16"><span class='ocrx_word' id='word_1_267' title='bbox 1184 2779 1457 2822; x_wconf 85' lang='lat' dir='ltr'>Postularius</span> <span class='ocrx_word' id='word_1_268' title='bbox 1490 2781 1655 2835; x_wconf 87' lang='lat' dir='ltr'>petitor</span> <span class='ocrx_word' id='word_1_269' title='bbox 1687 2779 1934 2836; x_wconf 83' lang='lat' dir='ltr'>rogatorius</span> 
     </span>
    </p>

    <p class='ocr_par' dir='ltr' id='par_1_31' title="bbox 1185 2849 2094 2964">
     <span class='ocr_line' id='line_1_80' title="bbox 1185 2849 2094 2906; baseline 0.001 -15"><span class='ocrx_word' id='word_1_270' title='bbox 1185 2849 1623 2906; x_wconf 87' lang='lat' dir='ltr'>Psonthonphanicus</span> <span class='ocrx_word' id='word_1_271' title='bbox 1667 2852 1937 2894; x_wconf 87' lang='lat' dir='ltr'>occultorum</span> <span class='ocrx_word' id='word_1_272' title='bbox 1978 2851 2094 2892; x_wconf 74' lang='grc'><strong>111-60</strong></span> 
     </span>
     <span class='ocr_line' id='line_1_81' title="bbox 1245 2925 1400 2964; baseline 0.006 -1"><span class='ocrx_word' id='word_1_273' title='bbox 1245 2925 1400 2964; x_wconf 87' lang='lat' dir='ltr'>uentor</span> 
     </span>
    </p>

    <p class='ocr_par' dir='ltr' id='par_1_32' title="bbox 1186 2991 2016 3050">
     <span class='ocr_line' id='line_1_82' title="bbox 1186 2991 2016 3050; baseline 0.001 -17"><span class='ocrx_word' id='word_1_274' title='bbox 1186 2991 1395 3048; x_wconf 82' lang='lat' dir='ltr'>Prosapia</span> <span class='ocrx_word' id='word_1_275' title='bbox 1425 2994 1655 3050; x_wconf 80' lang='lat' dir='ltr'>progenies</span> <span class='ocrx_word' id='word_1_276' title='bbox 1690 3009 1765 3037; x_wconf 90' lang='lat' dir='ltr'>seu</span> <span class='ocrx_word' id='word_1_277' title='bbox 1797 3006 2016 3049; x_wconf 84' lang='lat' dir='ltr'>propagor</span> 
     </span>
    </p>

    <p class='ocr_par' dir='ltr' id='par_1_33' title="bbox 1184 3063 2040 3191">
     <span class='ocr_line' id='line_1_83' title="bbox 1184 3063 2040 3120; baseline 0 -15"><span class='ocrx_word' id='word_1_278' title='bbox 1184 3063 1321 3106; x_wconf 82' lang='lat' dir='ltr'>Prosa</span> <span class='ocrx_word' id='word_1_279' title='bbox 1352 3068 1419 3106; x_wconf 89' lang='lat' dir='ltr'>est</span> <span class='ocrx_word' id='word_1_280' title='bbox 1451 3066 1662 3120; x_wconf 84' lang='lat' dir='ltr'>producta</span> <span class='ocrx_word' id='word_1_281' title='bbox 1688 3065 1828 3108; x_wconf 85' lang='lat' dir='ltr'>oratio</span> <span class='ocrx_word' id='word_1_282' title='bbox 1861 3078 2040 3119; x_wconf 85' lang='lat' dir='ltr'>prosum</span> 
     </span>
     <span class='ocr_line' id='line_1_84' title="bbox 1246 3136 2039 3191; baseline 0 -15"><span class='ocrx_word' id='word_1_283' title='bbox 1246 3136 1413 3191; x_wconf 79' lang='lat' dir='ltr'>antiqui</span> <span class='ocrx_word' id='word_1_284' title='bbox 1469 3136 1728 3191; x_wconf 85' lang='lat' dir='ltr'>productum</span> <span class='ocrx_word' id='word_1_285' title='bbox 1779 3139 1822 3179; x_wconf 89' lang='lat' dir='ltr'>et</span> <span class='ocrx_word' id='word_1_286' title='bbox 1872 3137 2039 3177; x_wconf 85' lang='lat' dir='ltr'>rectum</span> 
     </span>
    </p>
   </div>
  </div>
 </body>
</html>
