2216 3402
737 131 972 168 PLACIDVS
999 132 1127 167 LIBRI
1156 130 1449 168 GLOSSARVM

211 243 451 287 Coredulus
479 259 616 301 genus
643 243 862 299 quoddam
887 242 1068 284 uolatile

272 316 395 372 quasi
428 331 502 358 cor
534 316 686 358 sedens

212 386 530 443 Correpserunt
545 390 742 443 correpte
760 387 948 442 ingressi
970 388 1072 428 sunt

272 460 325 501 ab
361 474 411 501 eo
446 460 561 515 quod
594 459 778 501 dicimus
812 473 915 513 repo

212 531 410 587 Corrigie
444 547 468 573 a
507 531 644 574 coreis
683 533 897 572 uocantur
937 529 1008 571 uel
1047 545 1072 570 a

272 603 564 659 conligatione
587 602 711 657 quasi
732 601 906 658 colligie
927 600 1070 657 (Isicl.)

213 674 420 718 Cormeos
460 689 639 717 aceruos
680 688 788 729 quos
828 674 981 715 rustici
1022 688 1072 714 ex

273 747 474 803 congerie
506 746 701 801 lapidum
733 745 900 799 faciunt

176 831 193 857 5
213 819 402 863 Cometa
426 818 547 861 locus
576 833 705 873 quem
729 832 844 859 nunc
871 832 923 859 ex
949 819 1072 872 parte

270 905 431 947 magna
482 890 696 946 templum
745 889 893 931 bacios
952 903 1073 931 occu-

270 962 396 1018 pabit

212 1034 448 1090 Cornipeta
480 1034 560 1076 bos
593 1033 710 1075 ferus

212 1106 449 1163 Cornipeta
473 1106 547 1162 qui
575 1119 754 1148 cornum
779 1107 902 1160 petet
929 1119 1073 1160 quem-

273 1194 404 1235 quam

213 1250 348 1294 Coros
382 1251 570 1293 excitare
598 1252 751 1292 cantus
779 1249 919 1291 dicere
947 1263 1073 1290 corus

272 1324 388 1365 enim
419 1323 593 1378 proprie
622 1321 858 1364 multitudo
887 1323 952 1363 est
979 1335 1074 1362 can-

272 1395 463 1437 tantium

213 1466 351 1509 Corus
383 1466 504 1508 lusus

160 1551 192 1575 10
214 1530 457 1594 Corporato
490 1538 718 1579 uulnerato

215 1610 412 1654 Corruda
445 1624 582 1666 genus
614 1609 747 1650 herbe

215 1682 375 1726 Cossos
407 1681 670 1724 uermiculos
704 1681 777 1736 qui
816 1682 861 1723 in
893 1680 1077 1723 materia

276 1757 515 1797 nascuntur

219 1826 363 1870 Coton
395 1825 643 1868 cubiculum
677 1840 803 1881 grece
837 1825 985 1867 0011011
1011 1827 1078 1866 081

279 1913 382 1955 ergo
429 1897 544 1953 quod
589 1897 798 1953 carthago
850 1897 983 1938 habet
1034 1897 1077 1938 in

280 1986 365 2026 quo
397 1984 531 2012 naues
566 1969 827 2011 clauduntur
861 1972 978 2012 recte
1006 1981 1079 2011 'cu-

276 2043 471 2085 biculum
504 2041 686 2083 dicimus

219 2114 508 2158 Coturnisunt
570 2113 739 2169 tragica
796 2113 1081 2155 calciamenta

280 2187 438 2243 quibus
481 2184 722 2228 calciantur
765 2185 965 2241 tragoedi
1007 2184 1081 2239 qui

280 2259 324 2301 in
368 2261 511 2300 teatro
551 2257 722 2299 ducturi
765 2260 866 2298 sunt
911 2256 1001 2297 alta
1040 2259 1083 2298 et

279 2330 499 2372 intonanti
531 2344 637 2371 uoce
671 2331 738 2370 est
770 2328 905 2370 etiam
937 2342 1084 2370 secun—

283 2402 384 2444 dum
413 2401 685 2444 calciamenti
713 2415 849 2457 genus
882 2400 1038 2441 1111111111
1050 2399 1083 2455 ¹)

284 2473 457 2528 quidem
514 2467 754 2514 immodum
811 2472 1084 2528 crepidarum

284 2545 358 2587 sed
383 2545 470 2586 tale
491 2547 558 2586 est
584 2548 632 2586 ut
642 2543 675 2600 2)
703 2545 749 2586 111
767 2547 954 2599 utroque
975 2545 1082 2599 pede

284 2616 516 2659 conueniat

1907 129 1963 170 59

1108 240 1247 284 Coum
1278 243 1482 283 naturam
1507 239 1756 282 uniuersam
1790 254 1895 281 cauo
1923 239 1966 280 id
1988 250 2020 275 15

1169 316 1236 356 est
1267 313 1386 355 inani
1418 312 1486 354 uel
1520 326 1656 353 uacuo

1111 383 1300 440 Grapula
1316 385 1506 427 cruditas
1521 383 1648 425 lienis
1664 383 1708 425 id
1724 386 1790 425 est
1805 383 1967 437 splenis

1112 456 1301 512 Crapula
1339 456 1531 499 cruditas
1570 458 1646 497 aut
1676 455 1831 497 nausia
1868 457 1969 509 post

1169 531 1324 584 potum

1111 600 1318 644 Creantes
1351 599 1535 656 graciles
1570 598 1635 655 (ᾱο
1662 598 1736 654 ql.)

1111 671 1299 727 Crepero
1333 670 1465 712 dubio
1494 673 1568 712 aut
1594 670 1760 712 incerto
1787 670 1899 711 unde
1927 671 1983 717 01,

1172 742 1475 798 crepusculum

1111 814 1297 870 Crepido
1325 814 1418 856 saxi
1439 814 1691 856 extremitas
1718 814 1878 855 rimata
1901 813 1971 855 uel
1992 824 2025 848 20

1171 886 1406 930 cuiuslibet
1438 885 1500 927 rei
1534 885 1714 927 alterius

1113 958 1348 1014 Crepulum
1368 958 1568 1000 umbrem
1589 972 1686 999 cum
1714 972 1819 999 sono
1848 956 1972 1012 graui

1172 1033 1371 1072 ruentem

1112 1102 1371 1158 Crepundiis
1403 1101 1541 1143 initiis

1112 1174 1426 1230 Crepusculum
1458 1173 1722 1216 matutinum
1755 1175 1822 1214 est
1861 1172 1974 1214 inter

1173 1247 1424 1289 abscessum
1456 1245 1598 1287 noctis
1626 1248 1670 1287 et
1702 1245 1785 1286 diei
1820 1245 1973 1286 aduen-

1172 1321 1266 1361 tum
1300 1315 1442 1375 (Isz'd.)

1114 1391 1318 1434 Cribrum
1351 1390 1563 1432 setacium
1597 1389 1815 1444 adpolline

1115 1463 1319 1506 Cribrum
1339 1477 1427 1504 non
1448 1461 1616 1503 cibrum
1636 1464 1792 1503 neutro
1820 1475 1975 1517 genere
1996 1471 2030 1496 25

1176 1535 1317 1590 magis
1378 1534 1560 1576 dicimus
1616 1549 1746 1589 quam
1810 1547 1976 1574 mascu-

1175 1608 1314 1649 linum

1116 1679 1399 1722 Cristaticum
1442 1693 1579 1734 genus
1623 1677 1840 1732 quoddam
1886 1677 1977 1718 uini

1177 1751 1244 1808 (de
1268 1750 1341 1807 91.)

1117 1823 1325 1866 Grumina
1357 1822 1554 1865 sacculus

1117 1894 1333 1938 Criminis
1358 1893 1541 1936 sacculis

1118 1966 1324 2010 Cucullus
1364 1966 1535 2022 generis
1569 1967 1635 2007 est
1673 1964 1903 2006 masculini
1936 1966 1979 2005 01

1178 2039 1421 2081 declinatur
1470 2037 1664 2080 cucullus
1710 2036 1867 2079 cuculli
1912 2051 1978 2078 011·

1179 2111 1292 2153 011110
1327 2109 1526 2153 cuculum
1555 2125 1578 2151 o
1607 2108 1773 2151 cuculle
1807 2108 1976 2150 cucullo

1180 2186 1223 2224 01
1255 2182 1484 2238 pluraliter
1517 2182 1578 2224 sic
1612 2181 1854 2223 declinatur

1120 2255 1325 2298 Cucumis
1370 2254 1541 2310 generis
1581 2252 1811 2295 masculini
1851 2252 1979 2294 huius
2000 2263 2035 2287 30

1182 2327 1423 2370 cucumeris
1459 2327 1532 2368 sed
1565 2328 1608 2367 et
1647 2339 1848 2368 cucumer
1880 2323 1981 2366 dici-

1181 2402 1253 2441 tur
1289 2399 1399 2450 nihil
1436 2398 1641 2440 hominus
1686 2397 1815 2439 huius
1858 2411 1981 2438 cucu-

1181 2471 1312 2513 meris
1339 2470 1502 2513 faciens
1529 2472 1579 2511 ut
1604 2469 1746 2511 nomis
1768 2472 1811 2510 et
1830 2483 1982 2510 uomer

1122 2542 1277 2586 0111010
1330 2558 1461 2598 quare
1519 2542 1630 2584 unde
1687 2541 1821 2584 etiam
1872 2554 1982 2596 quur

1182 2615 1249 2671 (de
1272 2615 1346 2670 92.)

322 2761 357 2803 1)
389 2757 403 2792 i
423 2762 508 2803 post
532 2757 545 2791 l
572 2759 614 2793 in
638 2768 658 2792 e
684 2769 776 2793 corr.
802 2769 848 2792 m.
864 2761 888 2793 2
920 2758 932 2802 ΙΙ
965 2758 1002 2802 2)
1027 2758 1044 2792 t
1069 2769 1086 2792 0
1112 2767 1202 2793 corr.
1236 2758 1248 2802 ΙΙ

323 2893 355 2924 1.
382 2887 580 2924 Coridulus
611 2891 622 2932 ΙΙ
655 2892 686 2924 2.
715 2888 877 2934 correpti
908 2891 920 2934 ΙΙ
951 2892 983 2925 3.
1011 2887 1203 2934 Corrigiae
1237 2888 1241 2931 Ι
1277 2885 1386 2922 001118
1418 2888 1430 2931 ΙΙ
1462 2890 1494 2921 4.
1523 2885 1697 2921 0011110118
1725 2887 1730 2930 1
1766 2896 1828 2919 008
1857 2885 1863 2929 l
1897 2895 1982 2919 con-

227 2948 351 2995 gerice
376 2950 388 2994 11
414 2951 445 2983 5.
473 2947 579 2983 batio
608 2949 613 2993 Ι
642 2950 828 2994 occupant
852 2950 864 2994 ΙΙ
896 2952 1024 2984 6-11.
1051 2949 1116 2983 has
1141 2948 1187 2994 ql.
1215 2958 1281 2981 om.
1313 2947 1325 2991 ΙΙ
1352 2950 1406 2981 13.
1432 2947 1528 2981 home
1553 2946 1600 2991 91.
1628 2957 1693 2981 om.
1726 2946 1738 2990 ΙΙ
1768 2948 1822 2980 14.
1850 2943 1982 2979 caltia-

227 3010 356 3044 menta
378 3010 383 3052 Ι
406 3007 611 3043 caltiantur
633 3012 636 3052 Ι
660 3007 896 3044 caltiamenti
919 3010 923 3053 Ι
945 3007 1140 3043 inmodum
1160 3012 1167 3051 1
1189 3006 1229 3040 111
1254 3007 1387 3050 troque
1415 3007 1426 3050 ΙΙ
1447 3009 1501 3041 18.
1529 3004 1686 3051 gratiles
1713 3004 1717 3053 Ι
1746 3004 1840 3050 uirg.
1868 3005 1943 3040 cod.
1980 3004 1981 3010 ’

230 3072 284 3104 19.
312 3068 455 3119 inci-eto
481 3069 493 3113 11
519 3071 576 3104 21.
602 3069 771 3113 ymbrem
797 3069 885 3114 1123.
912 3068 1012 3104 notis
1038 3070 1049 3112 ΙΙ
1078 3071 1135 3103 24.
1163 3065 1334 3101 Cribrum
1360 3077 1404 3101 eas
1430 3065 1600 3100 crebrum
1625 3077 1716 3101 corr.
1740 3067 1744 3109 Ι
1768 3064 1947 3100 setatium

228 3131 286 3163 25.
312 3139 387 3163 non
413 3126 519 3162 cibus
539 3129 550 3173 ΙΙ
576 3130 633 3163 29.
660 3128 848 3163 cucullum
871 3127 1029 3174 {cucule
1049 3128 1061 3172 11
1087 3130 1142 3162 30.
1168 3125 1288 3161 11111110
1309 3124 1431 3160 minus
1451 3126 1463 3171 ΙΙ
