2216 3402
960 125 1234 160 PRAEFATIO
1884 128 1967 161 XIII

222 235 488 274 testarentur
526 233 711 275 stellulis
750 235 966 274 notarem:
1015 234 1065 274 de
1099 234 1254 275 ceteris
1293 234 1451 289 glossis
1491 233 1593 288 quid
1632 235 1967 276 existimandum

221 305 279 345 sit
311 304 429 346 ultro
463 308 653 360 apparet.

339 377 364 427 ξ
398 377 434 417 8.
496 375 623 417 Nunc
656 375 838 430 denique
871 375 923 416 ad
966 375 1174 430 glossas
1207 375 1480 418 Placideas
1513 376 1640 418 libri
1674 377 1967 432 glossarum

220 447 436 502 pervenio,
461 447 503 488 h.
525 462 557 488 e.
585 447 696 488 vasti
722 446 838 488 illius
866 447 993 489 lexici
1020 448 1135 502 quod
1162 448 1386 502 septimo
1420 448 1629 489 saeculo
1657 448 1788 488 homo
1816 448 1967 489 doctus

223 518 344 559 cuius
378 532 536 560 nomen
567 518 759 560 nescitur
784 518 829 559 in
856 518 1071 573 Hispania
1103 519 1329 560 contexuit
1356 519 1484 560 variis
1512 534 1562 560 ex
1588 519 1785 560 fontibus
1811 519 1968 560 hausta

220 590 405 631 materia
437 589 509 644 (cf.
543 604 651 644 quae
685 590 823 631 altero
857 589 996 644 capite
1029 590 1314 644 praefationis
1342 591 1391 632 de
1417 590 1499 632 hoc
1525 590 1639 631 libro
1667 588 1967 646 exponentur).

221 660 369 703 ‘Cuius
402 660 666 716 memoriae',
707 663 756 702 ut
798 660 978 702 LOEWII
1019 661 1163 703 verbis
1205 661 1373 717 (Prodr.
1405 677 1444 716 p.
1481 659 1584 717 152)
1617 664 1733 716 utar,
1772 660 1867 715 eope
1901 661 1967 701 vel

220 731 573 786 corruptissimas
616 731 830 788 glossasl)
869 732 996 774 facile
1036 733 1254 774 emendari
1296 747 1423 787 posse
1462 732 1624 773 MAIVM
1662 747 1748 773 non
1782 732 1968 787 fugerat,

221 803 295 858 qui
332 802 378 844 in
419 802 552 845 Class.
585 803 712 845 Auct.
745 806 774 844 t.
803 803 867 844 VI
900 819 934 845 a.
972 804 1086 846 1834
1119 804 1181 846 ed.
1213 819 1254 858 Ρ.
1287 804 1535 845 554-574
1568 803 1892 845 emendationes
1925 805 1968 844 et

218 889 353 916 novas
393 875 562 930 glossas
604 875 748 917 codice
786 874 986 917 Palatino
1030 876 1142 917 1773
1176 890 1230 916 m.
1264 890 1372 917 saec.
1405 875 1443 916 X
1475 889 1579 916 usus
1613 875 1852 930 evulgavit,
1885 889 1969 928 qua

217 945 275 987 in'
301 961 345 987 re
384 946 770 1002 neglegentissime
804 961 901 987 eum
935 948 1156 988 versatum
1192 961 1284 988 esse
1311 946 1653 988 WILMANNSIVS
1687 946 1712 987 1.
1735 961 1765 987 3.
1789 961 1819 987 s.
1854 946 1911 998 [h.
1934 961 1967 986 e.

218 1016 329 1058 Mus.
356 1016 493 1058 Rhen.
532 1018 615 1059 vol.
649 1019 706 1059 24
738 1033 774 1061 a.
799 1018 930 1070 1869]
964 1033 1004 1072 p.
1032 1018 1117 1059 373
1145 1032 1240 1072 sqq.
1272 1018 1472 1059 ostendit.
1535 1017 1700 1059 Deinde
1735 1017 1783 1058 O.
1810 1017 1968 1058 MVEL-

219 1099 367 1129 LERVS
402 1103 427 1129 a
458 1087 719 1130 DVEBNERO
762 1104 789 1130 a
821 1088 1003 1130 litterae
1046 1089 1215 1144 glossas
1258 1104 1280 1130 e
1322 1089 1467 1131 codice
1509 1088 1708 1130 Parisino
1749 1089 1864 1130 7644
1903 1104 1969 1130 ex-

222 1163 393 1215 cerptas
436 1160 745 1215 impetraverat
787 1159 859 1217 (cf.
893 1159 1013 1202 Festi
1044 1160 1177 1215 praef.
1210 1177 1249 1215 p.
1283 1158 1512 1217 XXXIII),
1554 1161 1665 1202 unde
1706 1175 1793 1201 non
1832 1160 1970 1201 multa

221 1247 262 1286 p.
285 1232 375 1273 ’383
410 1231 531 1273 Festi
562 1231 757 1286 protulit.
792 1231 949 1274 Codice
976 1231 1227 1274 Monacensi
1251 1233 1392 1274 14429
1423 1248 1531 1275 saec.
1558 1232 1620 1273 IX
1658 1232 1840 1286 aliisque
1875 1231 1971 1272 sub-

220 1302 341 1345 sidiis
375 1303 482 1345 item
521 1319 542 1345 e
580 1303 693 1345 libro
732 1303 978 1359 glossarum
1018 1304 1223 1345 derivatis
1266 1319 1370 1345 usus
1409 1304 1705 1345 HERMANNVS
1738 1303 1970 1344 KETTNER

218 1374 333 1415 laeto
377 1389 474 1416 cum
519 1389 719 1416 successu
761 1375 1017 1416 emendandi
1058 1374 1223 1417 Placidi
1263 1375 1423 1430 glossis
1463 1390 1639 1430 operam
1671 1375 1865 1416 navavit:
1919 1374 1970 1416 cf.

216 1448 545 1501 programmata
583 1445 822 1487 eKritische
857 1445 1189 1502 Bemerkungen
1231 1461 1283 1487 zu
1316 1447 1457 1489 Varro
1489 1447 1577 1488 und
1609 1447 1683 1488 lat.
1718 1444 1968 1488 Glossaren'

215 1531 256 1571 p.
283 1516 457 1559 25-—37
492 1516 631 1559 Halae
665 1532 700 1558 a.
733 1518 844 1559 1868
879 1520 923 1559 et
956 1517 1047 1559 ‘zur
1073 1517 1225 1559 Kritik
1253 1519 1328 1559 der
1356 1518 1539 1560 Glossae
1566 1517 1748 1560 Placidi’
1776 1517 1970 1559 Berolini

217 1603 252 1630 a.
290 1590 403 1631 1872
436 1589 510 1643 ed7
543 1591 674 1644 atque
702 1589 1114 1631 commentationem
1150 1589 1228 1631 ‘Zu
1257 1590 1338 1631 den
1366 1589 1546 1632 Glossae
1572 1589 1753 1631 Placidi’
1781 1588 1968 1630 Hermae

217 1663 247 1702 t.
279 1659 342 1702 VI
375 1658 432 1717 (a.
470 1661 601 1715 1872)
645 1677 686 1715 Ρ.
722 1661 804 1703 165
838 1675 931 1716 sqq.
977 1661 1198 1703 insertam.
1261 1661 1458 1717 Denique
1503 1662 1652 1703 eodem
1695 1661 1770 1702 illo
1811 1661 1972 1702 saeculi

217 1732 321 1774 noni
366 1732 619 1786 duobusque
665 1732 762 1773 aliis
808 1732 1049 1774 duodecimi
1096 1733 1316 1775 codicibus
1362 1733 1699 1775 Monacensibus
1745 1730 1856 1788 (cod.
1898 1732 1970 1772 lat.

222 1804 364 1844 13002
386 1806 430 1844 et
450 1801 615 1859 22201)
643 1802 850 1845 adhibitis
878 1803 928 1845 A.
950 1803 1308 1846 DEVERLINGIVS
1338 1805 1388 1846 de
1416 1805 1577 1861 glossis
1604 1804 1854 1846 foedissime
1882 1818 1971 1845 cor-

218 1874 360 1929 ruptis
393 1875 502 1916 bene
535 1874 717 1916 meritus
752 1878 836 1917 est:
869 1875 964 1917 vide
998 1876 1280 1931 scriptionem
1321 1876 1421 1918 ‘Zur
1453 1876 1746 1918 Emendation
1777 1875 1865 1916 und
1896 1875 1970 1915 Er-

216 1949 417 2002 ganzung
449 1947 524 1987 der
555 1945 953 2002 Placidusglossen'
988 1947 1033 1988 in
1065 1947 1244 1989 Diurnis
1279 1962 1424 2003 gymn.
1457 1948 1603 1989 bavar.
1630 1950 1658 1988 t.
1682 1946 1788 1988 VIII
1810 1962 1835 1988 a
1858 1946 1970 1988 1872

216 2032 255 2071 p.
286 2018 518 2059 150—163
546 2021 590 2060 et
611 2016 876 2060 319—329.’
938 2018 1019 2060 His
1046 2018 1207 2060 libellis
1236 2021 1279 2060 et
1308 2018 1750 2061 commentationibus
1777 2018 1970 2059 addenda

218 2092 284 2130 est
317 2089 507 2131 eiusdem
541 2089 859 2131 DEVERLINGII
891 2090 1024 2132 editio
1065 2105 1174 2145 quae
1206 2090 1371 2145 prodiit
1404 2106 1439 2132 a.
1478 2091 1589 2133 1875
1623 2093 1666 2132 et
1700 2090 1970 2144 supplemen-

217 2162 311 2201 tum
344 2160 546 2202 editionis
586 2160 786 2203 eGrlossae
826 2176 934 2216 quae
972 2160 1151 2203 Placido
1190 2176 1277 2203 non
1317 2161 1624 2204 adscribuntur
1663 2161 1747 2203 nisi
1779 2161 1824 2202 in
1856 2160 1969 2202 libro

217 2231 479 2287 glossarum'
537 2230 621 2288 (ed.
675 2248 710 2274 a.
768 2230 930 2289 1876),
986 2233 1169 2288 denique
1227 2234 1537 2275 commentatio
1595 2232 1806 2275 volumini
1865 2231 1967 2273 XIV

217 2302 369 2345 Diurn.
413 2304 600 2346 bavarie.
643 2318 842 2360 gymnas.
886 2303 941 2362 (a.
986 2306 1097 2347 1878
1140 2321 1179 2360 Ρ.
1213 2305 1299 2347 285
1333 2303 1445 2361 sqq.)
1494 2305 1668 2346 inserta.
1739 2303 1971 2346 Praeterea

218 2376 595 2417 commemoranda
646 2379 714 2417 est
765 2390 945 2418 censura
997 2376 1199 2418 editionis
1250 2377 1567 2418 DEVERLINGH
1619 2390 1749 2431 quam
1795 2375 1971 2430 scripsit

217 2445 513 2488 HERMANNVS
553 2447 724 2488 HAGEN
777 2447 922 2489 codice
960 2447 1213 2490 Bernensi
1252 2447 1448 2489 adhibito
1487 2448 1532 2489 in
1570 2447 1796 2489 BVRSIANI
1830 2447 1969 2488 annal.

217 2516 323 2572 phil.
356 2533 391 2559 a.
429 2518 614 2573 1874s5,
647 2522 690 2560 et
723 2519 914 2560 eiusdem
947 2519 1121 2561 libellus
1155 2519 1221 2561 ‘de
1254 2518 1421 2560 Placidi
1454 2517 1613 2574 glossis
1647 2519 1688 2560 in
1724 2519 1823 2560 libri
1857 2518 1970 2573 glos-

219 2603 365 2630 sarum
403 2589 549 2631 codice
589 2589 800 2631 Bernensi
840 2589 996 2631 obviis'
1037 2588 1182 2647 (Bern.
1216 2606 1250 2632 a.
1287 2588 1440 2646 1879);
1493 2590 1650 2645 quibus
1691 2589 1728 2631 si
1775 2589 1969 2631 adiecero

221 2659 402 2701 LOEWII
435 2675 660 2702 censuram
695 2659 857 2717 (Gloss.
890 2660 1017 2703 Nom.
1050 2677 1090 2716 p.
1125 2662 1178 2703 77
1215 2659 1347 2718 sqq),
1390 2676 1632 2703 summam
1676 2676 1823 2703 eorum
1857 2675 1968 2702 com-

220 2732 476 2787 memoravi,
517 2747 624 2787 quae
658 2732 709 2774 de
749 2731 909 2788 glossis
944 2732 1158 2774 Placideis
1191 2732 1289 2774 libri
1326 2733 1573 2788 glossarum
1607 2735 1707 2773 ante
1740 2746 1884 2772 meum
1917 2732 1967 2773 de

217 2803 331 2844 libro
364 2804 611 2859 glossarum
650 2804 849 2845 libellum
889 2804 1021 2846 tertio
1061 2804 1227 2846 decimo
1268 2808 1388 2846 tomo
1423 2803 1839 2846 commentationum
1873 2802 1967 2845 Soc.

219 2873 324 2915 Litt.
346 2874 452 2930 Reg.
475 2873 572 2917 sax.
593 2875 806 2917 insertum
828 2876 881 2917 ab
910 2875 1006 2917 aliis
1034 2876 1198 2930 scripta
1225 2879 1358 2917 erant.
1416 2875 1479 2916 De
1506 2875 1631 2916 libris
1659 2875 1966 2929 manuscriptis

218 2944 321 2986 libri
363 2945 609 3001 glossarum
651 2946 791 3001 capite
835 2947 1022 2989 secundo
1065 2950 1236 3002 agetur:
1277 2961 1390 2988 nunc
1434 2945 1541 2988 satis
1579 2948 1646 2988 est
1688 2945 1865 3001 dixisse,
1898 2961 1965 2987 me

296 3088 299 3091 μ
320 3100 354 3142 1)
380 3097 460 3132 Hac
480 3097 519 3132 in
538 3109 577 3132 rc
596 3098 709 3133 nimis
728 3099 823 3134 bene
844 3099 889 3133 de
908 3098 1005 3134 libro
1025 3100 1235 3144 glossarum
1255 3098 1441 3133 iudicasse
1462 3098 1636 3133 Lonwwm
1655 3110 1741 3133 mox
1760 3098 1968 3144 apparebit.
