2216 3402
223 115 280 157 42

283 240 434 281 capere
460 229 608 281 potest
635 227 748 269 sicut
775 225 828 268 ad
855 226 1074 268 infinitum

281 299 486 353 procedat
514 298 581 340 uel
609 313 760 340 manus
788 298 824 340 si
853 313 987 354 capax
1009 301 1076 341 est

208 423 211 425 Β
282 370 428 411 decem
461 370 680 411 soldorum
714 370 845 412 addas
872 385 1005 412 unum
1033 374 1075 413 et

282 440 414 482 alium
454 445 497 482 et
530 441 709 483 tertium
744 457 895 497 capere
927 446 1075 497 potest

281 513 342 554 sic
375 527 478 568 ergo
512 513 563 554 ad
597 513 817 555 infinitum
849 514 1002 556 tendit.

222 583 356 639 Spera
388 587 454 626 est
487 585 732 627 rotunditas
774 587 921 628 mundi
955 587 1075 634 uolu-

280 655 380 697 bilis
427 658 469 697 et
515 656 722 712 quidquid
773 657 859 699 tale
911 661 977 700 est
1022 659 1074 700 ad
1117 684 1119 686 ·

279 728 603 769 uolubilitatem
637 728 785 770 dicunt
817 730 950 771 etiam
983 745 1074 785 spe-

278 813 348 840 ras
377 814 428 841 ex
455 799 624 854 capillis
652 803 695 841 et
721 800 908 855 pellibus
936 801 1073 844 factas

280 870 436 925 quibus
468 872 624 913 ludunt
659 871 859 915 infantes.

222 942 432 997 Separata
458 959 536 998 pro
559 947 757 1000 seperata
779 948 854 987 aut
875 946 1072 989 discreta.

221 1012 513 1057 Subsistentia
545 1016 704 1058 dicitur
729 1017 799 1059 uel
827 1020 1074 1060 constructe

277 1086 363 1128 fixa
401 1087 471 1129 uel
509 1102 561 1129 ex
599 1088 755 1143 quibus
795 1088 965 1144 aliquae
1004 1105 1072 1132 res

279 1159 525 1201 subsistunt
562 1162 611 1201 ut
650 1160 832 1203 dicimus
875 1162 1073 1203 substan-

278 1230 362 1272 tias
387 1233 435 1272 ut
462 1232 499 1273 si
520 1231 734 1273 elementa
755 1233 911 1287 quibus
931 1233 1072 1275 factus

278 1305 344 1343 est
376 1303 560 1345 mundus
589 1304 774 1346 uelimus
803 1305 1072 1347 substantias

278 1374 430 1416 dicere.

220 1444 487 1501 Suggillauit
519 1447 666 1489 irrisit.

183 1535 199 1559 5
220 1516 496 1573 Supertietur
529 1520 841 1575 superiacietur
873 1521 942 1562 uel
977 1536 1073 1576 sup-

276 1593 472 1644 ponetur.

220 1661 525 1704 Sanctuarium
563 1663 683 1705 locus
723 1663 791 1705 uel
825 1664 1072 1706 cubiculum

278 1734 351 1775 ubi
385 1737 558 1776 sanctae
590 1749 658 1776 res
693 1738 914 1790 geruntur.

220 1804 517 1847 Subsistentia
561 1806 762 1848 dicuntur
803 1807 874 1848 uel
916 1808 1072 1849 consti-

278 1877 434 1919 stituta
475 1878 544 1920 uel
586 1878 671 1920 fixa
712 1879 783 1920 uel
825 1894 875 1920 ex
915 1880 1071 1934 quibus

278 1948 448 2003 aliquae
482 1964 548 1991 res
584 1950 842 1992 subsistunt.

221 2018 472 2062 Scurrilitas
506 2021 626 2063 iocus
660 2022 885 2077 improbus
921 2038 1003 2078 qua
1037 2024 1072 2065 si

277 2092 398 2134 uelut
432 2107 582 2135 caecus
616 2094 762 2136 currit.

219 2163 423 2219 Spurium
463 2165 683 2219 baptisma
714 2165 874 2207 falsum
908 2169 951 2208 et
984 2182 1072 2209 cor-

278 2239 455 2291 ruptum
488 2240 531 2278 et
565 2237 867 2279 adulterinum.

166 2324 198 2349 10
220 2306 423 2362 Suppetit
463 2311 638 2364 superat
675 2309 744 2351 uel
788 2312 960 2352 constat
1004 2311 1073 2352 uel

278 2378 510 2423 inuenitur.

221 2448 438 2493 Subnixus
501 2455 567 2493 est
629 2452 866 2495 instructus
927 2453 1072 2509 aliquo

279 2522 451 2564 auxilio.
490 2523 595 2565 item
628 2524 836 2566 subnixus
869 2525 1072 2567 suffultus

279 2608 330 2635 ex
364 2594 480 2635 omni
512 2598 647 2649 parte.

221 2663 482 2719 Supelectile
516 2666 675 2708 dicitur
708 2683 833 2710 omne
861 2671 1072 2711 strumen-

279 2738 373 2778 tum
406 2740 449 2779 et
481 2741 660 2780 ornatus
694 2739 858 2781 domus.

672 116 906 152 PLACIDVS
931 116 1186 152 LIBRORVM
1212 116 1528 152 ROMANORVM

1115 225 1401 284 Sacrilegium
1446 228 1605 270 dicitur
1650 228 1759 270 sacri
1805 228 1969 271 furtum

1172 299 1316 355 legere
1351 300 1464 341 enim
1497 303 1540 342 et
1573 301 1800 357 sublegere
1833 300 1969 343 furari

1173 370 1343 413 dicitur.

1115 441 1246 484 Scilla
1269 443 1396 498 uirgo
1417 444 1659 498 pubetenus
1679 444 1848 499 reliqua
1866 459 1968 499 pars

1173 513 1351 556 inferior
1385 516 1526 558 cincta
1559 517 1738 558 canibus
1778 518 1822 558 et
1853 515 1967 571 lupis

1173 601 1280 640 quae
1305 587 1530 630 dicebatur
1561 587 1676 629 inter
1708 587 1893 630 siciliam
1925 590 1968 629 et

1172 658 1342 701 italiam
1401 660 1534 702 latere
1593 675 1786 715 quaeque
1842 660 1968 701 nauis

1173 732 1448 773 transeuntes
1493 731 1539 773 in
1577 730 1725 773 littore
1764 731 1969 773 trahebat

1173 806 1216 844 et
1245 817 1296 845 ex
1322 803 1390 844 his
1425 806 1621 858 arreptos
1647 804 1844 846 homines
1878 803 1968 845 suis

1173 874 1352 916 canibus
1384 874 1585 930 lupisque
1618 875 1888 930 proiiciebat.

1146 1075 1368 1119 INCIPIT
1400 1077 1517 1119 PER,
1550 1076 1584 1118 T
1616 1077 1932 1120 LITTERAM.

1114 1160 1254 1202 Tedet
1285 1161 1501 1203 tediosum
1526 1161 1596 1203 uel
1623 1161 1730 1203 satis
1758 1161 1968 1203 odiosum.

1113 1232 1296 1274 Trutina
1341 1233 1500 1275 dicitur
1543 1232 1854 1275 libramentum
1897 1234 1967 1275 uel

1171 1305 1283 1347 unde
1329 1305 1620 1360 ponderamus
1664 1308 1873 1347 stateram
1910 1306 1968 1347 la-

1172 1392 1273 1418 nam
1305 1377 1376 1419 uel
1410 1391 1588 1418 examen
1619 1377 1752 1418 filum.

1114 1447 1257 1490 Theos
1279 1449 1381 1491 deus
1410 1451 1476 1490 est
1504 1463 1528 1490 a
1553 1448 1654 1490 theo
1682 1449 1839 1495 dicitur
1867 1450 1970 1504 quia

1173 1523 1290 1562 caret
1323 1520 1415 1562 deo.

1112 1591 1360 1633 Teloneum.
1383 1592 1646 1634 telonearius
1662 1592 1815 1634 melius
1838 1607 1968 1647 quam

1169 1663 1436 1706 teloniarius.

1110 1735 1336 1777 Temetum
1399 1735 1550 1777 uinum
1606 1736 1722 1790 quod
1778 1737 1966 1790 temptet

1170 1810 1336 1849 mentes
1371 1810 1414 1849 et
1446 1807 1579 1849 faciat
1611 1806 1814 1849 titubare.

1111 1878 1252 1921 Tonse
1285 1879 1405 1921 remi.

1110 1950 1235 1993 Toris
1270 1951 1488 1993 membris.

1111 2023 1391 2078 Tempestum
1425 2025 1700 2077 oportunum.

1111 2095 1276 2151 Turget
1308 2096 1448 2136 tumet
1479 2094 1684 2136 irascitur
1716 2094 1905 2137 inflatur.

1110 2166 1227 2207 Trux
1261 2180 1426 2208 saeuus.

1112 2238 1252 2280 Tabes
1286 2238 1416 2280 orbor
1450 2236 1685 2293 sanguinis.

1111 2310 1228 2352 Tabe
1256 2309 1408 2351 morbo
1436 2308 1570 2351 macie
1604 2309 1874 2365 aegritudine
1906 2312 1967 2352 ta-

1171 2382 1354 2424 bescunt
1371 2380 1486 2424 enim
1507 2381 1580 2435 qui
1599 2380 1735 2423 nimio
1756 2381 1966 2437 languore

1174 2456 1249 2495 aut
1282 2453 1419 2495 macie
1451 2453 1644 2495 ueniunt.

1111 2524 1258 2567 Tenax
1290 2527 1358 2566 est
1390 2525 1504 2566 inter
1537 2539 1715 2566 auarum
1749 2527 1793 2566 et
1825 2525 1964 2567 medie

1171 2599 1461 2653 arrogantem.

220 2865 377 2900 tercium
404 2869 454 2903 ab
491 2869 503 2913 ΙΙ
542 2870 572 2903 1.
601 2868 780 2912 quicquid
807 2870 852 2904 bc
884 2871 895 2913 Η
933 2873 963 2904 2.
999 2870 1174 2914 separata
1200 2881 1227 2904 c.
1263 2869 1395 2914 sepata
1421 2869 1440 2903 b
1469 2869 1481 2912 ΙΙ
1514 2872 1545 2903 3.
1574 2869 1612 2903 et
1638 2868 1669 2903 si
1695 2867 1882 2903 elementa
1906 2880 1931 2903 a
1958 2868 1962 2913 J

208 2930 251 2959 15.
269 2926 524 2970 superiacetur
537 2940 559 2963 a
579 2929 590 2973 ΙΙ
611 2931 642 2963 8.
659 2927 854 2963 Scurilitas
869 2941 891 2964 a
911 2930 922 2973 ss
944 2932 997 2963 12.
1015 2927 1265 2973 Suppelectile
1280 2940 1307 2963 c.
1331 2927 1568 2972 Supellectile
1579 2939 1648 2972 pro
1664 2927 1890 2972 Supelectile
1905 2927 1941 2962 b¹
1957 2926 1962 2973 Ι

220 2984 482 3020 istrumentum
510 2999 580 3032 pro
613 2988 861 3022 strumentum
893 3000 983 3023 corr.
1012 2989 1050 3022 b'2
1087 2989 1098 3031 ΙΙ
1138 2990 1191 3022 14,
1226 2986 1351 3032 Scylla
1383 2988 1402 3022 b
1437 2990 1442 3030 Ι
1477 2986 1600 3021 sicilia
1631 2999 1654 3021 a
1689 2989 1693 3031 Ι
1726 2985 1887 3031 ytaliam
1913 2998 1931 3021 c
1958 2985 1962 3033 Ι

222 3044 281 3078 uel
308 3043 346 3077 in
373 3044 461 3079 litus
490 3047 529 3081 m
554 3059 667 3093 mary.
696 3048 734 3082 ΙΝ
757 3055 760 3089 1
784 3047 882 3092 lupis
909 3060 932 3083 a
957 3049 968 3091 ΙΙ
996 3050 1049 3082 15.
1076 3046 1327 3081 INCIPIVNT
1352 3046 1481 3090 α1122.
1509 3045 1672 3081 menbris
1698 3059 1721 3082 α
1740 3048 1751 3092 ΙΙ
1771 3050 1826 3082 26.
1852 3045 1966 3080 rubor

220 3105 261 3138 in
286 3116 398 3150 mary.
426 3106 550 3149 ὺ1ι27.
579 3105 694 3153 enim]
722 3107 800 3153 eisls
826 3106 875 3151 (ei
901 3119 945 3142 ex
971 3118 1017 3141 en
1042 3111 1082 3142 ut
1111 3107 1195 3152 vicl.)
1222 3119 1245 3142 a
1264 3107 1275 3151 ΙΙ
1296 3110 1352 3142 28.
1379 3107 1596 3152 erogantem
1621 3107 1663 3141 in
1687 3117 1801 3152 νων-9.
1829 3105 1849 3141 b
1870 3106 1882 3151 ΙΙ

1989 1094 2022 1121 15

1987 1753 2023 1778 20

1986 2181 2021 2207 25
