2175 3428
263 154 349 195 212

262 265 455 308 Inorruit
480 276 688 319 pauorem
714 261 819 303 fecit
838 260 1042 317 uirgilius
1066 261 1117 303 de

322 350 426 391 apro
453 334 765 389 intremuitque
793 332 914 374 ferox
938 335 981 374 et
1006 332 1118 374 inor-

323 408 411 450 ruit
443 407 575 448 armis
608 403 725 462 (om.)

262 480 505 535 Inpandum
536 481 642 520 nota
668 492 760 519 esse
789 475 1043 518 aduerbium
1069 477 1119 516 ut

322 553 506 594 donatus
539 550 697 592 dicitur
710 548 743 605 1)

262 624 488 680 Inpariens
520 622 595 664 ubi
626 621 730 664 nicil
763 618 958 661 nascitur

261 694 520 750 Inpendium
553 693 750 749 erogatio

227 766 477 823 5Inperitat
508 766 695 821 imperat
727 763 889 805 iudicat
921 759 1000 818 (Η)

265 840 475 895 Inperitat
506 838 756 892 frequenter
788 835 974 889 imperat
1007 831 1085 889 (Η)

262 911 554 967 Inpetiginem
586 908 776 951 scabiem
809 904 929 963 (0210.)

262 983 561 1039 Inplicisceret
593 979 823 1034 inplicaret
854 966 860 971 ’

261 1055 512 1110 Inpluuium
546 1051 755 1094 solarium

210 1136 243 1160 10
261 1127 580 1182 Inporcitorem
601 1123 727 1164 deum
747 1121 908 1177 pagani
929 1120 1118 1161 abebant

323 1197 511 1254 agricole
546 1192 667 1251 (Cic.)

261 1270 490 1326 Inpressus
519 1266 656 1323 signis
684 1264 926 1321 sigillatum
958 1261 1117 1321 (γίνῃ.)

261 1342 312 1383 In
343 1340 617 1396 procinctum
650 1338 695 1379 in
726 1336 890 1378 milicia

260 1412 313 1454 In
344 1412 571 1468 procinctu
603 1410 649 1451 in
681 1410 893 1464 apparatu

260 1485 312 1526 In
343 1483 618 1539 procinctum
650 1496 702 1523 ex
733 1481 992 1535 apparatum

208 1565 241 1590 1⁵
260 1556 313 1598 In
350 1555 577 1612 procinctu
615 1553 690 1608 qui
728 1552 774 1593 in
814 1548 1019 1605 milicia2)
1053 1551 1119 1590 est

321 1642 490 1682 semper

259 1699 494 1755 Inpudicus
554 1699 621 1739 est
671 1695 746 1751 qui
801 1692 1118 1748 turpitudinem

318 1770 487 1826 flagitio
520 1768 653 1810 infert

260 1842 503 1898 Inpulitum
534 1839 822 1882 hercidictum

259 1913 494 1969 Inpuratus
526 1913 707 1967 inpurus
741 1924 910 1965 semper

259 1985 467 2041 Inquilini
500 1980 686 2039 coloni3)
720 1981 1036 2024 condicionales

206 2067 240 2092 ‘20
259 2056 469 2112 Inquilini
502 2056 663 2097 aduene
695 2054 765 2095 uel
798 2053 942 2094 accole

260 2128 503 2183 Inquilinus
537 2125 702 2168 colinus

258 2199 483 2255 Inquimus
516 2197 697 2240 dicimus

258 2270 409 2325 Inquis
443 2269 548 2312 dicis

259 2342 446 2397 Inquisti
478 2341 627 2383 dixisti

205 2425 240 2451 25
260 2414 469 2469 Inquiunt
501 2413 651 2454 dicunt

259 2485 545 2540 Inquiberunt
577 2483 778 2525 dixerunt

719 151 1064 186 EXCERPTA—EX
1089 150 1232 185 LIBRO
1261 149 1551 185 GLOSSARVM

1155 260 1403 302 Inredditus
1438 274 1591 302 suasus
1623 259 1692 301 uel
1727 261 1879 314 captus

1155 332 1341 374 Insertio
1373 331 1524 373 insitio

1156 403 1344 445 Insertio
1389 403 1570 445 insertio
1611 403 1769 444 dicitur
1809 403 1922 457 quod
1960 403 2011 444 de

1217 474 1303 516 alia
1335 474 1489 516 arbore
1523 474 1605 516 alie
1638 475 1791 516 inserit

1156 543 1347 603 Inscta4)
1380 546 1543 588 inserta
2033 567 2066 591 30

1158 617 1546 674 Insignificabilem
1603 618 1717 673 quod
1775 617 2011 673 significari

1216 704 1304 731 non
1335 691 1483 745 potest

1157 760 1401 817 Insignibus
1434 761 1485 802 de
1525 761 1650 817 signa
1682 760 1787 803 dicit
1823 761 1906 804 hoc
1945 764 2013 803 est

1217 833 1341 889 signo
1373 835 1527 874 notare

1157 904 1354 946 lusitibis
1388 905 1582 960 grafiolis
1616 905 1690 960 qui
1722 905 1973 947 inseruntur

1157 975 1366 1017 Insitores
1400 976 1473 1030 qui
1510 976 1703 1018 inserent
1735 977 1912 1018 arbores
1947 977 2012 1017 in-

1217 1050 1335 1089 certa
1366 1046 1602 1089 intisitiore

1157 1118 1320 1160 Insitus
1352 1117 1543 1160 insertus
1988 1114 1993 1119 ’
2033 1139 2067 1164 35

1157 1190 1412 1245 Inspectura
1444 1190 1691 1245 speculator

1156 1261 1350 1316 Inspicat
1386 1260 1495 1303 risse
1534 1261 1674 1304 facule
1713 1263 1835 1305 tedas
1873 1263 2013 1305 mittit

1215 1332 1416 1390 uirgilius
1461 1333 1576 1376 ferro
1587 1332 1620 1390 ⁵)
1666 1349 1748 1389 que
1792 1334 1907 1377 faces
1951 1335 2012 1376 in-

1216 1404 1357 1460 spicat
1389 1408 1516 1447 acuto

1157 1476 1337 1518 Institat
1370 1477 1443 1532 qui
1476 1479 1698 1519 mortuum
1729 1476 1926 1520 inuoluet

1157 1548 1421 1590 Insuadibile
1454 1548 1706 1590 incredibile

1156 1619 1438 1661 Insuadibilis
1477 1620 1743 1663 incredibilis
1787 1622 1877 1663 sine
1910 1621 2064 1666 arti-40

1214 1691 1313 1734 ficio
1344 1690 1470 1748 piger

1154 1763 1386 1806 Insubidus
1420 1766 1588 1806 setosus

1154 1834 1380 1877 Insuetare
1413 1835 1650 1877 insolenter
1681 1835 1885 1877 inuadere

1154 1905 1353 1948 Insutum
1397 1909 1441 1948 et
1490 1907 1710 1949 hirsutum
1753 1906 1816 1948 ita
1860 1906 2011 1949 distin-

1214 1978 1364 2034 guitur
1401 1978 1594 2019 insutum
1626 1993 1713 2020 non
1745 1981 1891 2020 sutum
1925 1979 2010 2020 hir—

1214 2052 1361 2091 sutum
1391 2049 1581 2104 pilosum

1153 2120 1470 2176 Integumentis
1502 2121 1829 2175 inoperimentis

1152 2192 1470 2248 Integumentis
1502 2191 1783 2247 inopertoriis
2026 2214 2061 2239 45

1152 2264 1372 2319 Interpres
1405 2263 1514 2306 trius
1548 2267 1668 2305 stant
1699 2264 1745 2305 in
1770 2264 1915 2306 uerbis
1947 2264 2009 2306 in-

1213 2335 1545 2391 temprestribus
1579 2335 1722 2377 anelet

1151 2407 1435 2462 Intercapedo
1464 2406 1723 2461 interspatia

1152 2478 1433 2534 Intercapedo
1445 2478 1723 2520 interiectum
1736 2480 2006 2534 temporibus

355 2640 388 2680 1)
415 2649 458 2672 ur
482 2639 524 2672 in
548 2647 620 2672 ras.
647 2648 692 2671 m.
708 2639 727 2669 1
748 2635 815 2680 112)
841 2633 875 2668 ci
900 2644 926 2668 s.
953 2644 1020 2668 scr.
1047 2635 1127 2667 m.1
1148 2632 1159 2676 ΙΙ
1179 2633 1215 2676 3)
1241 2630 1280 2665 ni
1305 2635 1390 2666 m.2
1417 2632 1458 2666 in
1482 2642 1554 2667 ras.
1575 2632 1643 2675 114)
1669 2643 1686 2666 s
1711 2631 1753 2666 in
1780 2643 1854 2667 ras.
1880 2643 1925 2667 m.
1941 2635 1966 2668 2
1994 2632 2006 2679 Η

260 2701 295 2742 5)
327 2697 339 2731 i
366 2698 432 2732 del.
455 2700 539 2741 post
565 2706 586 2729 o
618 2697 630 2740 ΙΙ

356 2843 387 2873 1.
414 2838 542 2872 Inorru
551 2838 596 2884 Ξ
622 2849 666 2872 m.
684 2840 716 2881 1,
742 2833 932 2870 Inhorruit
956 2845 1000 2869 m.
1017 2836 1039 2868 5
1062 2835 1066 2878 Ι
1089 2832 1274 2868 inhorruit
1296 2836 1300 2878 Ι
1323 2832 1480 2868 ciceron.
1507 2845 1551 2868 m.
1571 2836 1588 2867 1
1608 2835 1620 2879 11
1645 2837 1677 2869 2.
1705 2832 1830 2878 dicitu
1858 2836 1889 2868 3.
1915 2832 2006 2868 nicil

259 2910 303 2933 m.
321 2902 352 2942 1,
379 2896 496 2932 nichil
523 2909 566 2932 m.
585 2899 606 2932 5
625 2898 636 2942 ll
657 2899 687 2931 8.
716 2894 978 2941 Inplicesceret
1003 2904 1047 2928 επ
1072 2891 1330 2937 Inpliciseeret
1353 2904 1444 2929 corr.
1466 2894 1477 2938 ΙΙ
1498 2895 1551 2927 10.
1580 2891 1843 2937 Inportitorem
1865 2894 1870 2937 Ι
1891 2892 2006 2927 habe-

261 2956 355 2991 bant
380 2969 423 2992 ex
449 2955 616 2990 abebant
641 2967 731 2991 corr.
759 2957 770 3000 ΙΙ
804 2957 857 2989 12.
884 2951 1061 2987 militiam
1087 2963 1131 2987 ex
1157 2952 1296 2987 militia
1321 2964 1410 2988 corr.
1438 2954 1450 2998 Η
1483 2956 1525 2986 15
1564 2951 1703 2987 militia
1727 2955 1739 2998 ΙΙ
1770 2956 1825 2988 21.
1852 2951 2005 2987 colonus

260 3028 304 3050 er·
331 3015 472 3050 colinus
505 3026 594 3050 corr.
634 3017 646 3060 ΙΙ
684 3018 738 3049 26.
771 3013 1017 3058 lnquiuerunt
1042 3022 1086 3047 ex
1110 3011 1357 3055 Inquiberunt
1382 3023 1471 3048 corr.
1511 3013 1522 3056 ΙΙ
1560 3016 1615 3047 28.
1649 3011 1780 3047 insieio
1817 3013 1829 3056 ss
1866 3015 1922 3046 30.
1950 3010 2004 3045 in-

261 3076 362 3108 certa
387 3076 399 3118 Η
431 3078 485 3109 34.
513 3074 681 3108 inserunt
705 3075 716 3119 11
741 3076 797 3107 41.
826 3083 976 3107 securus
996 3073 1007 3116 ΙΙ
1033 3075 1089 3105 42.
1116 3070 1307 3106 insuenter
1325 3073 1337 3116 ΙΙ
1363 3075 1418 3107 43.
1445 3071 1573 3106 lnsuto
1597 3074 1600 3115 Ι
1624 3071 1782 3106 irsutum
1807 3070 1968 3116 pilosum
1994 3072 2005 3118 J!

260 3136 315 3168 46.
345 3132 522 3167 anhaelet
553 3136 564 3177 ΙΙ
