2175 3428
583 165 838 201 EXCERPTA
864 164 929 200 EX
954 165 1096 201 LIBRO
1125 165 1415 201 GLOSSARVM

125 276 407 319 Hostimento
441 276 624 318 eualitat

124 348 456 390 Hostimentum
500 349 658 390 dicitur
699 348 811 404 lapis
851 346 980 404 quo¹)

183 421 352 475 pondus
386 423 650 476 exaequatur

127 491 303 534 Hostire
343 507 501 547 equare
542 495 646 546 aput
683 492 886 546 antiquos
921 492 981 533 sic

185 564 438 606 dicebantur
469 564 580 605 unde
614 564 746 605 etiam
780 563 981 605 ostimen-

184 639 279 677 tum
324 635 481 677 dicitur
525 635 637 690 lapis
684 649 769 689 quo
813 635 982 690 pondus

185 709 449 762 exaequatur

124 777 422 834 Hostispisces
456 779 676 834 aruspices

89 862 104 886 5
128 850 277 892 Hostit
309 854 441 906 equat
472 850 678 906 adplanat

127 921 322 964 Humens
366 922 550 965 humens
596 926 663 966 est
715 923 828 978 quod
879 923 984 965 facit

184 993 379 1036 umidum
410 1009 498 1036 non
531 995 646 1050 quod
678 995 729 1037 fit

124 1065 397 1108 Humescunt
428 1065 595 1108 humidi
629 1070 730 1109 sunt

127 1137 398 1181 Humescunt
429 1139 657 1182 humorem
691 1139 911 1195 accipiunt

123 1353 288 1396 lactati
339 1355 464 1410 quasi
509 1356 555 1397 in
600 1370 771 1398 cassum
822 1356 982 1398 dicenti

183 1426 386 1482 uirgilius
413 1427 565 1469 taliam
591 1426 818 1483 iactanti2)
853 1431 896 1470 et
921 1428 983 1469 in-

183 1498 269 1540 rita
300 1499 444 1555 iurgia
476 1499 612 1541 iactat
644 1504 688 1542 et
719 1515 849 1543 uoces
882 1500 984 1541 dum

183 1570 319 1613 iactat
350 1570 543 1613 inhertes

72 1655 104 1680 ιο
124 1641 266 1684 Iactat
304 1642 521 1699 gloriatur
560 1646 609 1686 ut
647 1644 724 1687 illa
761 1659 805 1687 se
845 1645 982 1687 iactat

182 1714 228 1756 in
260 1713 400 1770 aulass)
435 1715 556 1757 eolus
589 1716 779 1771 preferet

123 1785 283 1828 lactati
315 1786 546 1841 periculati
577 1788 725 1829 uexati
758 1786 915 1844 (Viry.)

124 1857 321 1900 Iaculum
354 1873 491 1914 genus
518 1858 624 1901 retis
651 1859 887 1915 piscatorie
909 1860 982 1915 qui

184 1933 227 1972 et
259 1930 393 1972 funda
425 1930 655 1986 appelatur

124 2002 250 2044 Ianto
284 2005 415 2058 gusto
449 2005 549 2044 ante
581 2003 811 2058 prandium

124 2073 143 2115 J
148 2089 222 2116 aar
247 2073 427 2116 uocafor
454 2077 560 2130 aput
587 2074 740 2117 ebreos
769 2073 980 2131 menses4)

184 2146 394 2188 secundus
428 2143 619 2203 (Eucerc')

74 2231 104 2256 15
123 2217 267 2260 Iateos
306 2208 629 2260 bizantinorum
668 2209 819 2275 lingua
851 2218 982 2261 iulius

182 2287 345 2332 mensis
379 2290 539 2332 dicitur
572 2288 765 2348 (Euceri)

124 2360 317 2403 Ibiscum
350 2364 416 2403 est
456 2375 591 2418 genus
629 2362 796 2405 frondis
835 2362 880 2405 in
919 2378 982 2405 ar-

182 2433 364 2475 boribus
383 2434 579 2476 nascitur
599 2435 710 2476 unde
730 2434 872 2477 hieme
895 2435 981 2477 ani-

185 2505 371 2546 malibus
406 2506 532 2547 datur
565 2506 687 2548 cibus

1788 165 1874 207 209

1018 276 1186 319 Ibiscus
1221 291 1357 333 genus
1389 275 1574 332 uirgulti
1603 275 1804 330 uirgilius
1833 278 1876 317 et

1080 348 1234 404 gracili
1266 348 1476 390 fiscellam
1508 347 1619 390 texit
1651 348 1790 390 ibisco

1018 419 1188 462 Ibiscus
1215 433 1351 475 genus
1379 419 1563 475 uirgulti
1590 420 1705 475 quod
1730 423 1876 476 pasto-

1079 506 1146 533 res
1179 505 1257 546 pro
1291 491 1464 547 flagello
1498 494 1681 534 utuntur

1020 562 1144 605 Iecor
1175 563 1352 605 ficatum

1020 634 1155 691 Ignea
1205 635 1316 676 rima
1364 634 1556 677 etherius
1607 635 1754 692 fulgor
1803 639 1879 678 aut
1899 653 1932 677 20

1082 707 1253 763 argenti
1286 707 1465 762 aurique
1499 707 1682 765 materia

1020 777 1168 834 Ignita
1199 778 1327 834 ignea

1020 848 1210 906 Ignitior
1242 849 1463 891 ardentior
1495 850 1586 892 siue
1620 854 1802 907 argutus

1021 921 1146 963 Ilicet
1177 921 1357 964 hactum
1389 924 1456 963 est

1021 993 1145 1036 Ilicet
1159 993 1304 1035 ilicem
1324 993 1553 1035 infundum
1569 995 1713 1036 cuncti
1729 998 1880 1037 contra

1083 1065 1229 1108 omnia
1260 1065 1426 1107 bellum

1021 1136 1169 1180 Ilicuit
1201 1141 1240 1187 R
1273 1136 1490 1195 rursum5)
1902 1156 1935 1181 25

1020 1208 1128 1252 Ilius
1174 1209 1255 1252 sali
1299 1212 1424 1266 pater
1463 1210 1648 1265 quilium
1691 1211 1881 1253 condidit

1080 1281 1192 1323 unde
1226 1284 1270 1323 et
1302 1297 1461 1324 nomen
1495 1283 1661 1338 accepit

1022 1352 1235 1395 Imburim
1273 1368 1375 1409 pars
1416 1368 1549 1396 curua
1586 1369 1694 1410 quae
1735 1359 1881 1398 aratro

1082 1424 1281 1480 iungitur

1022 1496 1179 1538 Imitus
1213 1497 1466 1540 medullitus
1499 1498 1696 1541 funditus

1020 1567 1327 1611 Immolatores
1370 1570 1602 1613 mulierum
1642 1574 1881 1627 struprato-

1080 1656 1148 1683 res
1183 1639 1343 1699 (Vim.)

1020 1712 1304 1769 Imperiorior
1335 1714 1461 1756 ualde
1494 1714 1756 1770 imperiosus

1019 1785 1251 1840 Imperitat
1283 1785 1470 1840 imperat
1502 1786 1667 1830 iudicat

1020 1856 1252 1911 Imperitat
1284 1856 1534 1913 frequenter
1566 1859 1754 1915 imperat

1020 1928 1071 1970 In
1109 1929 1366 1985 plerumque
1400 1931 1514 1985 quod
1550 1931 1766 1973 inuenerit
1798 1947 1882 1974 ser-

1081 2004 1158 2042 uat
1207 2000 1462 2057 plerumque
1515 2003 1705 2046 medium
1761 2007 1882 2046 tenet

1081 2075 1224 2115 mutat
1250 2073 1295 2115 in
1322 2074 1591 2117 contrarium
1617 2077 1667 2118 ut
1689 2075 1882 2118 fortuna-

1082 2148 1153 2187 tus
1211 2148 1358 2187 seruat
1415 2161 1596 2189 curuum
1653 2148 1882 2190 incuruum

1081 2217 1272 2259 medium
1291 2221 1412 2260 tenet
1432 2221 1481 2260 ut
1503 2219 1539 2261 si
1561 2220 1657 2275 quis
1678 2219 1880 2275 inpotens

1081 2289 1240 2331 dixerit
1279 2289 1498 2345 significat
1539 2292 1652 2334 enim
1692 2295 1735 2334 et
1775 2293 1881 2334 satis

1079 2365 1235 2418 potens
1269 2365 1313 2404 et
1345 2378 1432 2405 non
1463 2367 1620 2419 potens

1020 2434 1346 2477 Inabstinenter
1377 2434 1647 2490 inpacienter

1018 2505 1070 2548 In
1096 2506 1329 2562 angiporto
1352 2507 1475 2562 quasi
1496 2508 1542 2549 in
1569 2507 1765 2551 anfracto
1787 2524 1880 2563 par·
1901 2521 1935 2547 35

1902 1732 1938 1756 30

247 2671 281 2715 1)
312 2682 355 2706 ex
387 2670 453 2715 qui
483 2682 574 2707 corr.
600 2674 684 2706 m.2
727 2673 739 2716 ΙΙ
783 2673 819 2717 2)
846 2673 955 2717 prior
981 2683 1004 2706 a
1028 2673 1070 2707 in
1095 2683 1180 2726 ras„
1215 2684 1239 2706 n
1264 2683 1292 2707 s.
1318 2684 1386 2708 scr.
1412 2676 1498 2709 m.2
1543 2675 1555 2719 ΙΙ
1598 2675 1633 2717 3)
1668 2684 1715 2708 au
1741 2675 1783 2708 in
1807 2685 1879 2709 ras.

125 2741 170 2764 m.
186 2733 210 2765 2
249 2731 261 2774 ΙΙ
298 2731 335 2775 4)
362 2734 496 2775 poster.
524 2741 544 2765 e
569 2732 610 2766 in
635 2730 646 2764 i
674 2743 718 2766 m.
734 2735 759 2767 2
786 2742 878 2769 corr.
916 2732 928 2776 ΙΙ
967 2732 1002 2777 5)
1031 2742 1133 2765 rsum
1165 2743 1244 2776 exp.
1271 2732 1344 2766 vicl.
1372 2743 1396 2767 α
1419 2744 1465 2768 m.
1482 2736 1520 2777 2,
1551 2733 1735 2778 virgulam
1766 2744 1881 2778 supra

121 2790 238 2833 prior.
265 2800 290 2823 u
315 2790 400 2825 add.
426 2801 471 2825 m.
487 2794 512 2826 2
545 2792 557 2835 ΙΙ

248 2923 278 2955 1.
306 2919 492 2964 equalitat
521 2922 534 2965 11
565 2926 596 2956 3.
623 2921 894 2957 hostimentum
925 2924 937 2968 ΙΙ
969 2925 1000 2958 5.
1034 2933 1076 2957 ac
1103 2921 1237 2966 planat
1262 2932 1306 2956 ex
1332 2920 1507 2966 atplanat
1532 2933 1624 2957 corr.
1657 2924 1669 2967 ΙΙ
1701 2926 1732 2958 6.
1760 2922 1880 2957 humi-

127 2979 216 3013 dum
235 2981 247 3025 ss
276 2982 307 3014 9.
334 2979 500 3015 Iactanti
521 2982 527 3025 Ι
548 2980 645 3016 talia
670 2993 715 3017 ex
739 2981 873 3016 taliam
898 2993 989 3018 corr.
1012 2985 1017 3026 ι
1040 2979 1247 3016 iactantiae
1273 2979 1381 3014 irrita
1404 2984 1408 3023 Ι
1431 2979 1594 3015 inaertes
1621 2993 1665 3016 eoe
1689 2981 1880 3018 inhaertes

128 3050 218 3074 corr.
257 3040 269 3084 ΙΙ
307 3042 361 3074 10.
388 3039 479 3074 nula
515 3041 527 3084 ΙΙ
568 3044 621 3075 11.
648 3040 811 3075 Iactanti
847 3043 859 3087 ΙΙ
898 3045 952 3077 12.
981 3040 1170 3086 apellatur
1206 3041 1217 3084 ΙΙ
1258 3043 1311 3074 14.
1338 3039 1422 3074 Iaas
1451 3042 1455 3083 Ι
1487 3040 1643 3075 hebreos
1673 3043 1677 3086 Ι
1705 3042 1844 3077 mensis
1869 3043 1882 3090 Η

130 3101 184 3133 16.
211 3098 333 3133 hieme
360 3110 403 3134 ex
428 3098 524 3133 ieme
550 3111 640 3135 corr.
673 3101 685 3145 ΙΙ
721 3103 772 3136 17.
799 3101 952 3147 gracilis
983 3103 995 3146 11
1029 3103 1083 3136 19.
1111 3099 1274 3134 eicatum
1299 3100 1311 3143 ΙΙ
1342 3102 1397 3133 20.
1425 3099 1611 3134 matheria
1636 3103 1648 3146 11
1679 3104 1736 3137 25.
1761 3114 1844 3136 rum
1869 3102 1883 3149 Η

129 3160 185 3192 26.
222 3157 348 3203 acepit
389 3160 401 3203 [1
445 3161 500 3193 27.
538 3169 653 3193 curua
690 3171 734 3195 ecc
772 3160 887 3195 curba
923 3173 1013 3196 corr.
1059 3161 1070 3204 ΙΙ
1115 3162 1170 3194 29.
1211 3159 1442 3203 stupratores
1486 3160 1498 3204 Η
1543 3163 1597 3195 35.
1639 3161 1878 3210 angipont01

201 3222 288 3254 Corp.
309 3224 401 3256 gloss.
420 3225 473 3251 lat.
497 3227 570 3251 tom,
589 3226 624 3251 V.
1549 3223 1592 3254 14
