2221 3490
845 153 1057 189 GLOSSAE
1085 152 1336 188 SCALIGERI

279 267 321 306 et
369 263 552 320 gemmis
605 264 719 319 quod
763 263 847 305 alio
897 262 1071 304 nomine

279 338 457 390 torques
489 337 637 389 potest
669 334 752 376 dici

220 406 596 448 Bombiciuatores
613 420 848 460 purpuram
863 404 1071 446 facientes

220 476 524 519 Bombicinare
556 491 793 531 purpuram
825 475 964 517 facere

221 548 437 603 Babigera
470 547 605 589 stulta

220 619 400 661 Bambis
435 634 591 661 aranea

186 703 202 728 5
221 690 351 732 Blato
385 690 676 732 cubicularius
708 689 1019 744 hospitalarius

220 762 364 803 Baruo
397 761 659 803 barunculus

220 832 462 874 Bestiarius
496 835 677 873 uenator
708 832 948 873 bestiarum

220 902 588 946 Bibliothecarius
621 903 694 957 qui
728 903 895 945 codices
928 905 1046 944 secat

220 974 481 1016 Blandiosus
515 974 702 1016 affabilis

171 1059 204 1084 ιο
223 1045 433 1087 Brustum
465 1045 671 1087 materiae
704 1060 840 1101 genus

222 1116 413 1159 Bolonae
459 1117 543 1172 ipsi
587 1117 738 1159 cetarii
783 1117 858 1172 qui
905 1117 1076 1159 diuersa

282 1202 442 1244 genera
473 1188 658 1243 piscium
691 1191 840 1230 emunt

224 1258 510 1301 Barbaste1·ili
543 1260 818 1302 duribuccius

223 1329 605 1395 Bidens-anchora

223 1401 346 1443 Bona
378 1403 538 1444 caduca
569 1418 637 1445 res
671 1403 975 1445 damnatorum

171 1487 204 1512 15
223 1473 386 1515 Brutus
420 1474 583 1529 gurdus

224 1544 406 1587 Brantia
450 1547 519 1587 uel
564 1546 748 1588 Branzia
793 1546 936 1588 tenuis
985 1546 1078 1587 auri

282 1616 445 1658 lamina

225 1687 378 1729 Bullae
417 1690 657 1732 stramenta
690 1690 904 1746 regalium
943 1704 1080 1731 came-

283 1760 426 1801 lorum

225 1830 403 1873 Belluus
437 1833 631 1874 moribus
665 1833 904 1875 bestiarum

225 1901 384 1944 Boeter
416 1918 567 1945 uerum
599 1918 805 1946 ueranum

172 1989 206 2014 20
226 1973 466 2016 Boteonem
498 1975 699 2017 iuuenem

228 2115 515 2160 Concibiones
546 2118 757 2172 quaedam
791 2118 942 2160 stellae
972 2133 1080 2173 quae

286 2203 363 2242 per
408 2189 694 2245 astrologiam
735 2190 1080 2245 concipientibus

288 2263 494 2314 aptantur

228 2330 445 2373 Choraula
483 2331 684 2387 princeps
721 2333 843 2374 chori
881 2333 1083 2375 ludorum

289 2417 372 2457 quo
417 2403 591 2445 nomine
636 2406 783 2459 potest
826 2403 911 2446 dici
962 2407 1082 2446 totus

289 2474 445 2516 chorus

230 2544 347 2587 Cabo
381 2546 574 2587 caballus
608 2546 782 2601 grandis

230 2615 535 2659 Oatamontem
569 2618 675 2660 caeli
709 2619 931 2672 aspectum

177 2701 212 2729 25
233 2686 477 2745 Curagulus
504 2689 530 2731 i.
553 2689 748 2731 curiosus
771 2689 996 2731 curaculus
1018 2704 1086 2731 cu-

289 2760 431 2802 riosus

232 2830 457 2873 Colimbus
485 2831 605 2874 locus
626 2832 702 2873 ubi
727 2832 991 2874 mundantur
1017 2847 1086 2874 ue-

292 2903 498 2944 stimenta

232 2971 486 3015 Clanculare
519 2975 735 3017 occultare
774 2974 955 3030 palliare
989 2976 1086 3017 sub-

292 3045 473 3087 acellare

233 3116 455 3159 Comixius
489 3118 698 3160 uerbosus
731 3118 892 3174 loquax

305 3193 392 3225 Corp.
412 3195 504 3226 gloss.
523 3194 577 3220 lat.
597 3196 668 3221 tom.
682 3195 719 3221 V.

1875 151 1960 193 593

1110 260 1367 304 Charaxatis
1401 262 1574 317 scriptis

1111 332 1319 375 Caerulus
1351 334 1534 375 uitiatus
1984 347 2017 371 30

1111 403 1342 446 Caeruleus
1374 405 1516 446 bestia
1547 404 1714 446 marina

1111 474 1292 518 Cerachi
1324 476 1502 517 nauium
1533 475 1656 517 funes

1113 546 1359 590 Circulator
1392 548 1465 602 qui
1497 547 1637 588 fumat

1114 617 1293 660 Citaxus
1329 618 1484 660 similis
1518 621 1618 659 taxo

1112 688 1350 731 Clibanarii
1385 690 1506 744 quasi
1539 689 1676 730 tunici
1708 688 1836 733 ferrei
1984 702 2019 728 35

1114 759 1346 815 Collybum
1377 760 1615 817 κερμάτιον

1114 829 1278 873 Contra
1309 831 1459 873 faedus
1494 835 1645 874 contra
1677 833 1854 885 pactum

1115 901 1277 944 Cocula
1307 903 1429 959 ligna
1461 904 1580 945 arida
1612 902 1681 944 uel
1707 917 1812 944 uasa
1845 916 1968 942 aerea

1114 971 1367 1016 Gorimbata
1397 975 1522 1016 nauis

1114 1044 1334 1100 Consaepe
1366 1048 1415 1087 ut
1446 1046 1616 1087 adsolet
1989 1060 2024 1084 40

1114 1115 1374 1159 Coarcuatio
1389 1116 1705 1160 concameratio
1719 1115 1968 1158 coniunctio

1175 1203 1353 1231 arcuum

1116 1258 1377 1301 Cohibentia
1409 1261 1628 1303 conclusio

1117 1328 1382 1372 Conmolunt
1414 1332 1615 1373 dentibus
1650 1331 1944 1387 comprimunt

1117 1401 1464 1444 Conciliabulum
1496 1404 1571 1445 ubi
1597 1404 1742 1458 plures
1771 1403 1837 1445 sui
1864 1402 1970 1444 iuris

1177 1473 1327 1516 sedent

1117 1543 1394 1588 Contribules
1428 1546 1738 1602 consanguinei
1769 1545 1892 1600 quasi
1922 1560 1972 1587 ex
1992 1560 2026 1586 45

1176 1617 1325 1659 eadem
1356 1618 1474 1660 tribu

1118 1686 1509 1745 Confragmentum
1539 1690 1667 1731 simul
1689 1704 1899 1746 rugosum
1925 1692 1974 1730 ut

1178 1775 1302 1803 mons

1119 1830 1314 1874 Gonnixa
1345 1836 1473 1887 partu
1504 1833 1690 1875 liberata

1119 1903 1390 1960 Collegarius
1424 1905 1550 1947 unius
1585 1920 1636 1946 ex
1668 1905 1848 1961 collegis

1119 1974 1309 2031 Corugio
1360 1991 1467 2031 puer
1517 1979 1584 2018 est
1633 1977 1760 2018 ludus
1803 1977 1973 2031 quando

1178 2048 1412 2101 prouerbia
1453 2047 1611 2090 dicunt.
1670 2048 1788 2090 Alibi
1825 2049 1974 2101 iyibnr:

1180 2117 1414 2175 Coragium
1427 2134 1529 2174 pars
1542 2123 1608 2161 est
1621 2120 1667 2160 in
1678 2119 1791 2161 ludis
1804 2119 1974 2174 quando

1179 2191 1412 2244 prouerbia
1444 2191 1647 2233 dicuntur

1121 2260 1420 2304 Commulcare
1455 2263 1727 2317 complodere
1995 2278 2029 2302 50

1122 2331 1403 2375 Conclassare
1437 2335 1706 2377 conclamare

1123 2404 1248 2446 Cloes
1281 2405 1431 2459 pluuia
1462 2406 1532 2448 uel
1564 2406 1791 2462 nauigium

1123 2474 1300 2518 Colume
1334 2491 1488 2519 sanum

1122 2546 1323 2589 Coniuoli
1356 2549 1588 2591 concordes
1621 2549 1757 2591 iuncti

1124 2617 1252 2660 Curio
1286 2621 1463 2675 sanguis
1996 2634 2030 2658 55

1124 2688 1262 2745 Culpa
1292 2691 1477 2746 piabunt
1508 2695 1736 2746 peccatum
1768 2692 1939 2734 soluent

1124 2758 1298 2803 Cuneus
1338 2763 1485 2804 tunica
1517 2778 1567 2804 ex
1601 2763 1779 2818 spartho
1813 2764 1858 2805 in
1890 2778 1978 2805 mo-

1184 2832 1286 2874 dum
1319 2835 1539 2876 cruminae
1579 2835 1695 2877 facta
1733 2850 1842 2890 quae
1875 2835 1978 2877 line-

1186 2905 1313 2945 batur
1340 2921 1364 2947 a
1388 2906 1550 2960 populo
1576 2906 1670 2960 pice
1696 2909 1739 2947 et
1765 2907 1977 2949 bitumine

1183 2975 1228 3016 in
1261 2991 1346 3031 qua
1376 2977 1708 3019 includebantur
1737 2977 1978 3032 parricidae

1185 3061 1283 3089 cum
1315 3048 1443 3090 simia
1475 3052 1673 3103 serpente
1700 3052 1744 3091 et
1776 3049 1892 3105 gallo
1919 3050 1980 3092 in-

1187 3121 1285 3160 suta
1314 3120 1573 3162 mittebatur
1598 3121 1643 3163 in
1669 3136 1787 3164 mare
1814 3125 1857 3163 et
1885 3137 1980 3164 con-

1720 3196 1763 3227 38
