2216 3402
189 120 242 160 14
637 119 870 156 PLACIDVS
897 119 1149 155 LIBRORVM
1175 121 1493 156 ROMANORVM

187 227 419 284 Gordiagni
434 229 506 283 qui
520 231 621 284 post
635 232 806 283 tempus
821 229 914 270 nati
930 232 1043 270 sunt.
1081 229 1282 272 Carensis
1302 230 1542 285 pistoribus
1559 245 1584 271 a
1601 230 1716 271 caria
1731 245 1815 285 qua
1830 231 1941 274 afro-

187 298 380 342 Corruda
412 314 546 355 genus
580 300 750 341 herbae.
1139 317 1235 343 rum
1268 301 1418 357 lingua
1442 316 1599 356 panem
1626 316 1719 343 esse
1747 301 1941 344 dicimus.

186 370 344 414 Cossos
382 371 642 413 uermiculos
676 371 749 425 qui
781 371 826 412 in
858 371 1042 414 materia
1080 371 1416 415 Gai-enatoribus
1443 373 1622 414 lanariis
1645 372 1746 427 quia
1772 373 1941 415 cariunt

179 442 182 444 ’
245 446 493 485 naseuntur.
1141 444 1185 486 id
1217 447 1283 486 est
1315 439 1498 499 carpunt
1530 443 1742 486 diuidunt.

186 511 387 555 Conditio
426 515 471 555 in
504 514 599 570 quo'
628 528 810 569 corpora
853 517 1043 556 mortuo·
1083 514 1365 558 Clunaculum
1383 516 1619 572 pugionem
1636 515 1799 557 dictum
1821 517 1874 558 ab
1891 530 1941 558 eo

245 601 341 627 rum
375 586 628 628 conduntur.
1142 588 1256 643 quod
1271 587 1417 630 clunes
1433 586 1643 643 religatus
1663 586 1706 628 id
1722 590 1789 628 est
1804 590 1941 642 spata.

149 668 165 692 5
186 655 407 698 Concubia
439 672 536 698 cum
570 671 718 699 omnes
751 658 976 700 excubant.
1082 657 1207 700 Cliua
1239 673 1390 713 aspera
1423 658 1629 700 difficilia.

184 727 358 769 Cicures
389 728 549 783 placidi
583 729 731 783 quieti.
1080 728 1356 772 Commoram
1389 744 1535 772 coram
1567 726 1773 772 cominus.
1961 743 1996 768 30

184 797 398 840 Grumena
430 800 638 842 sacculus.
1079 800 1330 843 Conseditos
1375 801 1518 843 federe
1563 802 1790 856 copulatos
1839 816 1942 857 quo-

183 869 422 912 Caluitium
453 885 607 912 meror.
1138 873 1256 914 niam
1284 887 1483 914 enumere
1511 873 1716 928 coniuges
1742 889 1830 915 non
1856 874 1940 915 erit

183 940 409 983 Canterius
443 957 578 997 equus
612 945 841 985 castratus.
1140 945 1361 986 usitatum.

134 1026 165 1049 10
187 1011 345 1067 Calpar
376 1013 526 1055 uinum
558 1015 673 1068 quod
705 1014 894 1068 primum
926 1014 1041 1055 laba-
1081 1014 1350 1071 Congratum
1383 1018 1622 1058 consatum.

242 1086 315 1125 tur
347 1085 499 1127 edulio.
666 1132 669 1133 ⁷
1080 1085 1300 1141 Capronas
1333 1087 1458 1128 iubas
1493 1102 1713 1142 equorum.

183 1155 423 1198 Classarios
457 1156 672 1198 classicos.
1080 1155 1242 1198 Cadula
1273 1157 1438 1199 frustra
1461 1161 1513 1199 'et
1539 1159 1662 1214 adipe
1691 1159 1795 1200 cada
1822 1159 1937 1202 enim

182 1226 447 1283 Contiguum
480 1228 593 1283 quod
625 1227 820 1283 contingi
852 1230 1019 1282 potest.-
1139 1244 1163 1270 a
1194 1229 1319 1270 ruina
1351 1229 1521 1271 dicitur.

183 1298 417 1341 Conlocare
450 1299 666 1353 deputare.
1082 1299 1290 1342 Cocetum
1324 1315 1349 1341 a
1381 1314 1536 1355 graeco
1575 1301 1940 1356 kakyonacocina.
1959 1315 1994 1340 35

182 1369 354 1412 01101103
388 1385 572 1426 quorum
605 1370 749 1425 capita
776 1371 977 1426 oblonga.
1076 1369 1247 1413 Coculis
1281 1371 1391 1413 aeris
1424 1372 1519 1413 uasi
1551 1387 1575 1413 a
1609 1373 1836 1427 coquendo
1868 1375 1939 1416 uel

129 1454 161 1477 12⁷»
182 1441 380 1484 Caluitur
411 1441 649 1483 frustratur
681 1441 903 1496 decipitur.
1135 1442 1289 1484 assulis
1305 1443 1436 1484 aridis
1450 1443 1589 1499 glebis
1606 1446 1721 1486 terra
1737 1460 1835 1487 cum
1849 1460 1927 1488 suo

182 1512 431 1555 Caesditum
463 1513 686 1555 creditum.
1135 1514 1342 1569 gramine.
1356 1515 1574 1556 interdum
1588 1515 1672 1556 alio
1685 1515 1780 1558 loco
1791 1516 1924 1558 ramis

181 1584 436 1626 Contumias
468 1585 762 1626 contumelias.
1078 1583 1278 1627 Colurnis
1312 1601 1362 1626 ex
1403 1600 1535 1627 cornu
1568 1586 1706 1629 factis.
1754 1602 1856 1628 nam
1894 1590 1938 1629 et

127 2026 160 2049 20

182 1654 399 1697 Caudeam
442 1656 638 1698 iunceam
684 1657 796 1711 quod
841 1657 1038 1698 uinceam
1137 1657 1302 1698 colurni
1337 1658 1409 1711 qui
1444 1673 1493 1699 ex
1527 1658 1696 1700 corrulo
1729 1658 1850 1699 fiunt.

243 1728 401 1769 caudae
423 1730 465 1768 et
486 1730 655 1783 mergat
682 1728 841 1769 dicitur
868 1731 912 1769 et
939 1728 1038 1769 scir·
1078 1726 1245 1770 0110001
1290 1731 1491 1770 naturam
1535 1729 1783 1770 uniuersam
1828 1729 1935 1771 chao

238 1814 341 1853 pum
375 1799 533 1840 dieitur
565 1801 608 1839 et
640 1799 763 1840 tibin.
1136 1801 1178 1841 id
1211 1803 1278 1842 est
1310 1800 1427 1841 inani
1462 1799 1529 1840 uel
1563 1800 1683 1842 chao.

180 1868 410 1911 Coniector
436 1870 677 1912 coniectare
703 1871 867 1924 peritus
896 1872 937 1912 id
968 1875 1034 1913 est
1077 1869 1278 1927 Comegit
1311 1870 1463 1927 coegit.

238 1941 577 1995 praediuinandi.
1074 1940 1335 1997 Comprimis
1368 1943 1594 1997 imprimis.
1952 1958 1988 1982 40

181 2011 398 2066 Captabat
432 2012 640 2066 capiebat.
1074 2012 1243 2055 Cauilla
1276 2014 1511 2056 cauillatio.

180 2081 385 2125 Corineos
425 2098 600 2125 aceruos
641 2099 746 2139 quos
790 2086 941 2127 rustici
985 2101 1035 2127 ex
1074 2082 1212 2139 Capta
1257 2087 1518 2139 tempestate
1562 2088 1757 2139 tempore
1802 2087 1930 2139 capto

239 2155 438 2209 congerie
472 2155 663 2209 lapidum
697 2155 873 2198 faciunt.
1134 2156 1176 2196 id
1215 2159 1281 2196 est
1319 2156 1408 2197 sole
1451 2157 1649 2197 consulto
1693 2158 1930 2210 tempestas

180 2224 275 2267 Ciet
307 2229 454 2267 mouet
487 2226 557 2267 uel
589 2226 774 2268 inuocat.
1134 2230 1279 2268 autem
1313 2230 1452 2268 status
1487 2227 1593 2269 caeli
1626 2226 1794 2268 dicitur.

180 2295 368 2339 Cometa
394 2297 513 2339 locus
542 2313 668 2352 quem
694 2299 809 2340 hunc
837 2315 887 2340 ex
913 2302 1035 2354 parte
1074 2296 1260 2340 Citarier
1293 2299 1488 2340 celeriter
1520 2299 1697 2340 moueri.

239 2382 396 2423 magna
409 2369 619 2423 templum
633 2370 780 2411 uaeios
794 2370 1034 2424 occupauit.
1074 2367 1227 2411 Colore
1262 2384 1440 2425 corpore
1472 2370 1542 2411 uel
1576 2373 1684 2412 cute.

180 2437 416 2480 Caesariati
451 2441 608 2481 comati
642 2456 666 2482 a
696 2441 883 2482 caesarie
916 2441 1033 2482 dicti.
1073 2438 1261 2495 Coepere
1294 2441 1501 2496 incepere.
1946 2454 1981 2480 45

145 2509 352 2552 zConieci
372 2512 664 2553 coniecturam
684 2512 766 2554 feci
787 2512 942 2567 collegi
963 2512 1032 2553 uel
1072 2510 1228 2554 Censio
1273 2512 1411 2553 multa
1449 2528 1532 2567 qua
1570 2512 1726 2554 citatos
1766 2513 1802 2554 si
1841 2527 1927 2554 non

238 2583 482 2636 suspicatus
516 2598 621 2624 sum.
1129 2584 1367 2638 ponderum
1400 2598 1551 2625 censor
1584 2583 1812 2625 afficiebat.

277 2737 327 2769 10.
356 2733 478 2768 edolio
505 2746 594 2769 corr.
622 2734 656 2769 οἳ
677 2737 687 2779 Η
708 2739 761 2770 11.
790 2735 1010 2770 Classiarios
1038 2746 1127 2771 corr.
1154 2736 1189 2771 ce
1209 2738 1221 2781 ΙΙ
1248 2739 1301 2770 12.
1330 2735 1470 2781 contigi
1497 2737 1548 2771 ab
1568 2737 1579 2780 ΙΙ
1607 2739 1659 2771 14.
1688 2735 1825 2770 31101103
1850 2740 1925 2771 11οῆ

179 2792 290 2826 Maro.
307 2806 418 2839 υιιιιῃ.
436 2795 455 2829 b
475 2797 485 2839 Η
508 2798 560 2829 15.
577 2794 745 2828 Caliutur
759 2799 842 2829 ante
857 2808 946 2830 corr.
963 2797 986 2843 I)>
1003 2797 1013 2840 ΙΙ
1035 2800 1089 2830 18,
1105 2794 1277 2829 uince-am
1291 2796 1337 2830 bc
1355 2796 1366 2840 ΙΙ
1388 2798 1441 2830 19,
1457 2794 1598 2839 peritus
1614 2807 1678 2830 om.
1695 2808 1717 2830 a
1736 2797 1748 2840 ss
1767 2799 1823 2830 21.
1839 2794 1924 2830 Cor—

179 2862 279 2885 meos
301 2865 323 2886 a
342 2855 354 2897 11
374 2857 427 2886 23.
456 2852 558 2887 locus
579 2854 637 2888 est
655 2865 672 2888 c
695 2858 699 2897 Ι
722 2866 818 2887 nune
840 2866 930 2889 corr.
947 2855 1028 2889 b²c²
1050 2858 1054 2898 Ι
1076 2854 1204 2888 naieos
1225 2866 1251 2889 e.
1289 2853 1413 2888 uarios
1436 2854 1455 2889 b
1478 2856 1482 2897 ἰ
1505 2856 1664 2899 occupat
1684 2855 1703 2890 b
1723 2855 1734 2899 ΙΙ
1754 2858 1808 2889 25.
1831 2854 1923 2889 Con-

179 2911 267 2944 iecit
299 2916 329 2945 ct
356 2911 445 2945 feeit
470 2924 487 2947 c
513 2917 596 2947 ante
622 2925 693 2948 ras.
725 2915 736 2957 Η
767 2916 821 2948 213.
850 2918 934 2958 post
966 2925 1039 2957 qua
1072 2925 1166 2958 apat·
1191 2926 1279 2949 eru-Q.
1308 2926 1331 2948 a
1362 2914 1373 2957 ΙΙ
1404 2917 1458 2947 28.
1494 2914 1540 2947 ad
1575 2913 1701 2947 clunes
1733 2925 1824 2949 corr.
1851 2914 1888 2948 οἳ
1912 2914 1924 2959 ,Ὶ

179 2975 234 3005 31.
256 2970 431 3014 quoniam
453 2973 640 3017 enumero]
663 2984 826 3006 coemere
850 2975 888 3006 in
908 2985 1019 3017 nimy.
1034 2973 1070 3007 οἳ
1093 2976 1096 3016 ᾖ
1121 2974 1201 3006 erait
1220 2972 1442 3007 inusitatum
1462 2984 1551 3008 corr.
1567 2974 1602 3008 οῖ’
1620 2975 1632 3018 ΙΙ
1652 2977 1706 3008 34.
1735 2972 1867 3007 aruina
1881 2973 1923 3018 αξξ

179 3033 233 3064 36,
261 3030 478 3074 graiuunine
505 3044 522 3064 ι’
541 3033 551 3075 Η
572 3035 626 3066 40.
655 3032 872 3076 Compi-inus
899 3031 1068 3076 inprimis
1095 3044 1117 3065 (ι.
1137 3034 1148 3077 ΙΙ
1175 3036 1228 3067 413,
1256 3032 1397 3066 mulcta
1423 3033 1442 3066 b
1470 3037 1499 3066 el
1527 3037 1610 3067 (wite
1636 3044 1726 3067 corr.
1743 3044 1761 3067 c
1781 3034 1786 3076 1
1809 3042 1920 3076 pone-

180 3089 307 3123 derum
333 3101 351 3124 c
373 3092 378 3134 1
408 3089 597 3124 ὶιίῖἰνίυὶιιιὶ
624 3103 752 3125 censor
778 3096 860 3126 mdc
886 3103 974 3126 corr.
1003 3093 1033 3126 b.
1071 3091 1281 3125 afficiebam
1309 3102 1437 3125 consor
1463 3104 1485 3125 (ι
1511 3094 1522 3137 ΙΙ
