2216 3402
242 139 327 181 152

297 263 376 305 pro
415 248 736 303 isquammosus
764 279 773 288 .
799 249 844 288 et
878 245 1057 288 frondea
1083 279 1091 289 .

267 374 269 376 Ι
296 336 375 376 pro
408 318 625 362 frondosis

240 391 420 449 Spurius
449 426 457 435 .
485 390 558 446 qui
597 404 648 432 ex
685 392 826 432 matre
863 390 1010 433 nobile
1049 393 1093 433 et

295 466 419 519 patre
451 462 601 504 infimo
622 496 629 503 .
650 461 844 504 nascitur

238 535 457 592 Spurcitia
476 569 484 577 .
505 533 767 576 inmunditia

239 606 418 662 Spurius
441 639 449 648 .
470 606 738 648 meretricios

238 677 449 733 Spumeus
471 711 480 720 .
498 693 653 720 nereus
687 693 940 734 spumosum
973 693 1090 720 mare

200 762 217 788 5
235 749 508 806 ssSpondolus
518 750 725 792 est.inter
735 750 1047 806 nodumispina
1060 749 1090 807 ¹)

297 821 414 864 dorsi
441 855 450 864 .
477 822 547 864 uel
586 823 673 865 imo
708 822 899 865 eiusdem
938 822 1060 877 spine
1081 855 1090 864 .

295 894 409 949 quod
440 908 599 936 nomen
625 927 634 936 .
659 909 747 937 non
779 909 830 937 ex
863 894 1091 937 dissertis.

296 969 362 1008 set
403 981 453 1008 ex
494 966 752 1022 uulgaribus
785 1001 792 1008 .
827 967 901 1022 qui
945 969 1092 1008 tamen

294 1037 415 1081 locus
461 1039 562 1080 dum
611 1038 865 1081 debilitatur
897 1072 904 1080 .
939 1039 1089 1081 statim

295 1110 385 1152 exit
418 1112 462 1152 et
495 1109 656 1151 eminet
688 1112 858 1153 tumens

234 1180 401 1237 *Spiris
423 1215 432 1225 .
451 1181 576 1224 nodis

237 1251 416 1308 Spectat
436 1286 446 1295 .
466 1253 662 1295 intuetur

234 1323 469 1381 *Spurium
484 1358 493 1367 .
508 1324 729 1367 babtisma
751 1325 916 1368 factum
937 1329 982 1368 et
1002 1341 1091 1369 cor-

293 1399 471 1452 ruptum
491 1430 498 1438 .
521 1398 565 1439 et
596 1397 889 1440 adulterinum

234 1467 445 1524 >'‘Sparsas
480 1483 582 1511 oues
604 1501 613 1510 .
635 1469 758 1524 quasi
789 1469 935 1512 uarias

183 1552 217 1577 10
238 1539 471 1596 Squalidus
493 1573 502 1582 .
523 1540 713 1583 incultus

237 1611 518 1668 Squalentem
541 1647 548 1654 .
569 1612 791 1654 sordidum

237 1682 412 1739 Squatit
432 1718 440 1726 .
463 1684 618 1726 ebullit

236 1754 431 1797 Stabulis
466 1789 474 1797 .
507 1755 701 1798 curtibus
745 1757 893 1799 ouium
928 1792 936 1799 .
968 1760 1050 1813 ur—g‘
1083 1792 1089 1799 .

294 1827 422 1869 terris
443 1830 486 1869 te
509 1827 638 1884 lupus
654 1861 663 1870 .
679 1828 866 1871 etabulis
882 1862 890 1871 .
905 1829 1091 1871 stabulis

292 1899 425 1941 maris
446 1933 454 1941 .
475 1898 676 1956 frugibus
713 1900 875 1943 imbres

235 1969 386 2013 Staros
407 2005 414 2013 .
438 1986 541 2013 crux

181 2054 213 2079 15
235 2040 401 2099 Stagna
427 2076 435 2084 .
462 2042 608 2084 refusa
634 2077 642 2085 .
672 2044 843 2085 concita
875 2044 1054 2086 turbata
1080 2076 1089 2086 .

292 2116 343 2155 ut
374 2113 520 2156 refuso
553 2146 562 2156 .
595 2114 819 2157 submouit
850 2149 858 2157 .
893 2130 1053 2158 oceano
1081 2148 1089 2157 .

294 2188 441 2242 stergo
464 2220 472 2228 .
492 2185 742 2228 intellectus
765 2219 773 2228 .
794 2189 843 2228 ut
881 2186 980 2228 imis
1019 2201 1089 2228 ua-

294 2257 359 2299 dis
381 2291 388 2299 .
406 2259 564 2314 stagna
584 2272 664 2314 que
686 2261 810 2300 sunt.
826 2261 1088 2314 tempestate

293 2328 524 2370 turbentur

236 2399 381 2442 Stater
402 2432 412 2442 .
432 2414 568 2456 genus
603 2400 831 2444 masculini

235 2470 381 2513 Stater
401 2505 409 2513 .
431 2471 513 2514 duo
547 2472 773 2529 didragma
805 2473 906 2515 abet

236 2542 401 2584 Sternit
422 2576 430 2584 .
451 2543 707 2600 disiungit2)

35 2649 40 2655 .
91 2624 224 2660 fol.20v
238 2613 405 2657 Sternit
425 2650 432 2657 .
454 2615 662 2664 interficit
685 2650 691 2658 .
713 2619 788 2658 aut
821 2616 978 2659 occidit

181 2698 217 2723 20
238 2685 381 2728 Stenit
402 2719 411 2728 .
432 2686 589 2729 deiecit
619 2687 690 2730 uel
723 2690 854 2743 equat

239 2756 363 2800 Stiua
396 2757 554 2801 dicitur
584 2792 593 2801 .
624 2759 738 2814 quod
778 2761 923 2802 aratro
961 2773 1091 2800 manu

295 2832 415 2872 tenet
444 2863 452 2871 .
482 2831 565 2886 u'r‘g‘
598 2864 606 2871 .
640 2830 840 2886 stiuaque
879 2845 1028 2873 currus
1067 2845 1092 2872 a

296 2902 420 2957 tergo
452 2904 657 2957 torqueat
687 2917 812 2957 ymos

766 136 1001 172 PLAOlDVS
1027 135 1212 172 CODICIS
1238 136 1448 173 PARISINI

1130 246 1295 303 Stipem
1316 280 1325 289 .
1346 247 1627 289 elemosinam

1131 318 1260 362 Stilla
1282 354 1288 362 .
1310 319 1496 361 abstella
1516 351 1525 361 .
1548 318 1650 375 quid
1688 318 1833 362 differt
1852 353 1861 362 .
1882 321 1984 375 quia

1189 392 1291 432 dum
1325 393 1415 433 stat
1436 423 1445 433 .
1466 390 1614 433 stella.
1632 405 1730 434 cum
1756 391 1983 435 ceciderit.

1188 462 1308 506 stilla

1131 534 1258 578 Stilio
1287 570 1294 578 .
1321 551 1346 578 a
1378 535 1518 578 stellis
1558 535 1826 578 macularum
1846 568 1856 578 .
1877 550 1984 592 quas

1189 607 1289 650 abet
1317 643 1324 650 .
1352 608 1596 663 appellatus
1624 642 1632 650 .
1660 607 1734 664 qui
1775 610 1818 650 et
1856 607 1983 651 stello

1189 679 1345 721 dicitur

1130 750 1350 806 Stipa-tum
1372 786 1379 794 .
1400 753 1530 794 turba
1563 752 1877 794 circumdatum
2005 764 2039 790 25

1131 822 1350 880 Stigmata
1370 857 1379 867 .
1400 827 1656 867 ornamenta
1689 823 1854 879 regalia

1131 894 1349 952 Stigmata
1386 930 1393 938 .
1434 896 1558 952 signa
1617 895 1865 938 ciccatrices
1915 894 1985 936 uel

1191 970 1452 1010 catracteres

1130 1038 1404 1095 Stipendium
1425 1074 1432 1081 .
1454 1039 1619 1081 laboris
1652 1039 1843 1081 fructum

1129 1111 1336 1154 Stimulat
1356 1146 1363 1153 .
1386 1111 1529 1167 agitat
1561 1110 1748 1166 instigat

1128 1182 1373 1239 Stipulatur
1394 1216 1403 1225 .
1423 1185 1612 1225 testatur
2005 1195 2039 1221 30

1131 1253 1290 1297 Stilum
1311 1290 1318 1297 .
1340 1255 1542 1311 grauium
1574 1254 1643 1296 uel
1678 1253 1891 1297 calamum

1131 1326 1422 1383 Stipulatores
1444 1360 1453 1369 .
1472 1326 1762 1382 promissores

1131 1397 1326 1441 Stolidus
1347 1432 1356 1441 .
1377 1398 1539 1440 stultus

1132 1469 1334 1527 Stragem
1356 1504 1363 1512 .
1384 1471 1531 1513 cedem

1133 1541 1312 1598 Strages
1333 1575 1341 1583 .
1365 1542 1602 1585 occisiones

1132 1612 1377 1668 Strepitant
1397 1647 1404 1655 .
1426 1628 1548 1669 sepre
1582 1616 1783 1670 strepunt

1133 1684 1375 1740 Strepitum
1396 1719 1403 1727 .
1426 1700 1582 1728 sonum
1614 1686 1853 1728 tumultum

1131 1756 1342 1800 Strenuus
1363 1792 1371 1799 .
1392 1757 1545 1801 efficax

1130 1827 1317 1871 Strenua
1338 1863 1345 1870 .
1367 1828 1496 1872 fortis

1131 1900 1333 1957 Strepere
1354 1934 1362 1943 .
1384 1901 1570 1943 clamare

1131 1971 1325 2015 Stridore
1347 2006 1354 2014 .
1377 1972 1524 2014 sonitu

1131 2043 1358 2086 Strionicis
1381 2077 1390 2086 .
1411 2043 1597 2086 mimicis

1131 2114 1299 2158 Strutio
1315 2150 1324 2158 .
1338 2130 1473 2172 genus
1506 2115 1599 2158 auis
1632 2116 1868 2158 maximum
1884 2149 1893 2158 .
1908 2117 1986 2172 ng

1130 2185 1281 2230 Strues
1302 2221 1311 2229 .
1333 2201 1513 2230 aceruus
1545 2187 1766 2243 lignorum
1793 2187 1954 2229 dicitur
1975 2221 1984 2230 .

1186 2259 1257 2300 lffiz
1279 2293 1286 2300 .
1308 2261 1472 2300 struem
1505 2259 1700 2300 membra
1725 2259 1985 2301 recumbunt

1130 2328 1324 2371 Strofam
1353 2362 1363 2372 .
1392 2330 1635 2372 uariatim'.
1665 2333 1709 2372 et
1750 2333 1888 2373 semet
1923 2331 1985 2373 in·
2003 2344 2040 2370 45

1187 2401 1328 2444 uicem
1361 2402 1657 2445 continentem

1132 2472 1281 2516 Strofa
1301 2507 1308 2515 .
1328 2473 1448 2516 fraus
1482 2477 1526 2516 et
1556 2474 1753 2530 nequitia

1132 2544 1280 2587 Strofa
1300 2577 1309 2587 .
1332 2545 1654 2601 argumentatio
1688 2546 1865 2602 suffugii

1132 2615 1339 2658 Strofium
1360 2651 1367 2658 .
1389 2616 1580 2671 palleum
1611 2617 1818 2673 uirginali

1133 2686 1347 2743 Strophea
1376 2722 1383 2730 .
1414 2702 1566 2743 aspera
1595 2722 1602 2730 .
1635 2688 1983 2743 prominentibus

1190 2759 1305 2801 saxis
1339 2760 1610 2802 cacuminata

2007 1555 2042 1580 35

2004 1914 2042 1939 40

1131 2829 1362 2884 Struprum
1389 2866 1396 2873 .
1424 2831 1695 2893 uirginitatis
1726 2830 1982 2888 perdictio3)
2002 2847 2039 2872 50

1131 2899 1328 2944 *Strideo
1357 2935 1365 2944 .
1392 2905 1437 2945 et
1493 2902 1630 2945 strido
1658 2936 1667 2946 .
1694 2903 1878 2946 secunde
1905 2938 1912 2946 .
1939 2906 1984 2946 et

360 3066 392 3110 1)
418 3064 430 3099 i
459 3067 564 3102 initio
590 3067 737 3103 addidit
762 3080 806 3103 m.
822 3071 841 3102 1
867 3068 880 3112 l}
909 3068 944 3112 2)
970 3067 1055 3103 add.
1081 3078 1128 3102 m.
1143 3069 1167 3102 2
1192 3068 1233 3101 in
1257 3068 1422 3113 ortamine
1448 3067 1637 3112 quaedam,
1662 3078 1762 3103 caune
1781 3078 1899 3113 paene
1923 3068 1981 3103 de-

239 3123 308 3159 leta
332 3124 344 3168 ΙΙ
372 3124 408 3168 3)
436 3134 454 3158 c
479 3136 558 3170 sup.
584 3136 649 3161 scr.
671 3127 682 3170 ΙΙ
