2216 3402
218 142 272 183 98

219 252 450 295 Scamnum
483 251 694 294 deminuit
724 250 952 292 scabillum
983 266 1072 292 non

277 325 514 366 scabellum
571 326 619 364 ut
673 337 824 378 cycero
882 322 1071 364 scabella

276 398 538 450 concrepant

217 467 369 509 Scema
402 467 542 522 figura
573 481 698 522 grece

217 538 354 581 Scena
392 541 459 579 est
500 553 669 580 camera
705 537 806 579 hinc
845 536 942 579 inde
976 553 1072 580 con-

274 610 418 664 posita
463 625 543 665 que
582 609 804 651 inumbrat
846 609 989 651 locum
1027 609 1072 651 in

273 684 414 722 teatro
466 680 511 722 in
555 695 640 736 quo
692 680 782 722 ludi
835 681 1072 722 actitantur

274 753 378 794 item
419 767 546 794 scena
585 752 744 794 dicitur
783 753 988 794 arborum
1026 753 1071 794 in

273 839 317 866 se
363 823 708 866 incumbentium
753 825 876 879 quasi
922 839 1071 866 conca-

273 899 440 938 merata
471 896 667 938 densatio
695 899 744 937 ut
776 897 926 938 subter
957 897 1069 951 posi-

272 971 341 1009 tos
396 970 542 1023 tegere
593 968 734 1023 possit
783 968 891 1009 item
942 983 1070 1010 scena

272 1042 455 1081 uocatur
489 1040 732 1094 conpositio
767 1039 948 1081 alicuius
982 1054 1070 1081 car-

273 1111 402 1151 minis
436 1125 518 1165 que
546 1111 677 1166 digna
709 1113 812 1152 sunt
844 1110 915 1166 agi
948 1110 994 1151 in
1026 1110 1070 1152 in

270 1185 413 1223 teatro
460 1181 849 1224 exclamationibus
892 1182 1069 1236 tragicis

272 1253 499 1309 tragoedia
537 1256 604 1295 est
644 1253 758 1295 enim
803 1268 939 1309 genus
983 1267 1070 1295 car-

271 1325 400 1367 minis
448 1340 532 1380 quo
578 1328 704 1380 poete
750 1339 903 1381 regum
947 1340 1068 1367 casas

271 1397 526 1438 durissimos
572 1400 615 1438 et
661 1397 822 1438 scelera
872 1396 1069 1438 inaudita

270 1469 338 1510 uel
372 1469 550 1510 deorum
589 1483 656 1510 res
691 1469 780 1510 alto
814 1469 959 1510 sonitu
1001 1469 1067 1510 de-

272 1540 524 1582 scribebunt
581 1540 776 1582 comedia
833 1555 940 1595 quae
999 1555 1067 1581 res

271 1612 544 1667 priuatorum
578 1615 622 1653 et
653 1600 885 1652 humilium
924 1626 1068 1666 perso-

270 1699 424 1725 narum
475 1683 786 1737 conprehendit
836 1698 923 1724 non
976 1686 1067 1724 tam

271 1756 360 1796 alto
393 1757 442 1796 ut
474 1754 701 1810 tragoedia
735 1755 838 1796 stilo
872 1756 946 1796 sed
979 1770 1068 1796 me-

271 1827 407 1869 diocri
440 1829 483 1868 et
515 1827 629 1868 dulci

211 1898 342 1941 Sceus
358 1898 498 1940 malus
513 1898 692 1953 pessimi
708 1913 757 1940 ac
777 1898 913 1939 trucis
933 1898 1065 1939 animi

269 1974 313 2012 et
352 1970 538 2012 crudelis
577 1969 736 2012 dicitur
769 1974 813 2012 et
845 1985 866 2012 c
906 1986 930 2012 a
962 1971 1063 2026 dyp-

269 2044 406 2098 tonga
437 2041 571 2083 habet
603 2039 744 2097 (Ise'cl.)

174 2132 189 2157 5
210 2111 342 2155 Scilla
375 2115 441 2155 est
472 2113 599 2169 uirgo
626 2127 872 2167 pupecenus
900 2114 1068 2169 reliqua

269 2200 369 2240 pars
404 2185 584 2226 inferior
611 2184 753 2226 cincta
780 2185 959 2227 canibus
986 2185 1067 2227 hac

267 2257 380 2312 lupis
421 2272 501 2311 que
550 2255 774 2298 dicebatur
812 2257 925 2298 inter
970 2257 1064 2298 sici-

267 2328 370 2369 liam
416 2331 458 2369 et
502 2328 668 2369 italiam
714 2328 850 2370 latere
897 2343 1064 2383 queque

266 2413 398 2440 naues
455 2402 706 2441 transeunte
763 2399 965 2441 stahebat
1020 2399 1065 2441 in

267 2471 372 2512 litus
411 2473 454 2512 et
493 2486 543 2512 ex
581 2471 642 2513 eis
682 2474 880 2526 arreptus
919 2471 1060 2513 homi-

329 2626 363 2669 1)
396 2635 474 2669 emp.
503 2636 537 2659 m
557 2626 581 2659 2
616 2625 628 2669 ΙΙ

729 139 961 175 PLACIDVS
989 139 1117 175 LIBRI
1144 139 1434 175 GLOSSARVM

1168 266 1245 292 nes
1286 249 1594 298 suiscanibus
1633 249 1833 305 lupisque
1870 265 1966 305 pro-

1168 321 1359 363 hiciebat
1418 340 1425 350 ⁴

1112 392 1357 435 Scintillam
1401 395 1546 447 perset
1590 391 1604 432 i
1649 392 1831 434 dicimus
1877 407 1965 435 non

1169 479 1246 520 per
1278 464 1561 506 etscintillam

1113 535 1370 578 Sciscitatur
1407 536 1588 577 uerbum
1629 539 1696 577 est
1738 550 1964 578 commune

1170 608 1212 649 id
1246 611 1311 650 est
1343 608 1565 663 interrogo
1599 607 1669 649 uel
1701 608 1811 649 scire
1838 608 1964 663 cupio

1171 679 1297 721 aliter
1329 695 1417 722 non
1450 679 1630 720 dicimus

1110 749 1245 793 Scitia
1265 754 1332 793 est
1358 750 1580 806 prouintia
1600 754 1666 793 est
1693 754 1860 793 remota
1884 752 1964 793 sub

1169 823 1462 879 septentrione
1519 822 1758 878 frigoribus
1818 822 1964 879 rigens

1167 895 1282 936 nuda
1321 894 1594 951 gignentium
1633 895 1828 936 moribus
1872 895 1966 936 bar-

1169 966 1274 1007 bara
1307 964 1374 1023 (cle
1399 964 1473 1021 ql.)

1111 1036 1298 1092 Scropea
1355 1038 1702 1092 prominentibus
1754 1038 1870 1080 saxis
1920 1038 1965 1079 in

1170 1109 1278 1151 mari
1296 1112 1339 1150 et
1360 1111 1408 1150 ut
1429 1109 1583 1150 melius
1605 1109 1803 1165 intellegi
1822 1110 1964 1164 possit

1169 1180 1416 1222 acuminata

1109 1252 1338 1294 Scurilitas
1354 1252 1504 1294 inocus
1523 1253 1732 1308 inprobus
1751 1254 1825 1309 qui
1840 1254 1965 1310 quasi

1166 1325 1287 1366 uelut
1320 1339 1470 1366 caecus
1505 1325 1640 1366 currit

1108 1395 1273 1438 Secreti
1307 1396 1435 1438 diuisi
1469 1396 1658 1451 separati
1692 1394 1757 1452 (de
1783 1395 1858 1452 92.)

1106 1467 1269 1509 Secreti
1301 1467 1347 1509 in
1380 1472 1546 1510 secreta
1577 1471 1700 1523 parte

1108 1538 1238 1581 Secus
1267 1542 1309 1581 et
1335 1539 1461 1581 aliter
1485 1543 1528 1582 et
1549 1540 1760 1595 equaliter
1785 1540 1964 1594 ponitur

1108 1610 1293 1653 Senatus
1339 1627 1449 1653 unus
1496 1615 1539 1654 et
1583 1627 1711 1654 uerus
1757 1626 1962 1654 romanus

1166 1686 1232 1725 est
1271 1683 1345 1738 qui
1384 1684 1452 1725 uel
1493 1683 1694 1725 fundauit
1735 1683 1803 1724 uel
1848 1683 1963 1729 ausit

1165 1769 1333 1796 romam
1365 1769 1466 1797 nam
1493 1755 1685 1797 romolus
1717 1755 1884 1810 primus
1911 1755 1962 1797 de

1165 1826 1353 1868 exercito
1381 1841 1458 1868 suo
1487 1829 1661 1868 centum
1687 1826 1961 1868 exenioribus

1164 1897 1325 1955 suisel)
1386 1898 1493 1954 legit
1545 1912 1729 1953 quorum
1779 1897 1961 1940 consilio

1164 1970 1310 2011 omnia
1364 1972 1513 2026 ageret
1570 1984 1678 2024 quos
1739 1971 1961 2011 senatores

1166 2041 1412 2083 nominabit
1461 2044 1642 2096 propter
1691 2043 1961 2082 senectutem

1167 2112 1231 2170 (E
1233 2111 1387 2168 nimpi)

1107 2184 1290 2226 Senatus
1325 2200 1350 2225 a
1383 2187 1605 2226 senectute
1638 2183 1851 2239 apellatus
1886 2183 1959 2238 qui
2000 2202 2013 2226 3

1164 2257 1231 2297 uel
1276 2255 1476 2297 fundauit
1520 2255 1589 2297 uel
1629 2254 1749 2296 auxit
1793 2268 1961 2296 romam

1163 2328 1238 2369 isti
1277 2343 1301 2368 a
1338 2327 1507 2369 romolo
1553 2326 1680 2368 electi
1725 2329 1827 2368 sunt
1865 2340 1960 2367 cen-

1162 2402 1256 2440 tum
1289 2414 1313 2440 a
1346 2399 1507 2454 populo
1541 2398 1614 2453 qui
1649 2398 1703 2439 ob
1743 2400 1860 2440 etate
1899 2411 1960 2438 se-

1161 2474 1336 2512 natores
1381 2470 1436 2512 ob
1482 2469 1812 2512 similitudinem
1860 2482 1960 2510 cure

329 2771 359 2801 1.
388 2765 546 2801 scabilla
574 2769 586 2811 ΙΙ
618 2770 650 2801 3.
679 2766 742 2813 agi
771 2767 809 2801 in
835 2768 956 2801 teatro
979 2769 984 2811 Ι
1007 2776 1115 2801 casus
1139 2769 1143 2811 Ι
1166 2778 1223 2801 ros
1250 2778 1294 2802 ecc
1318 2777 1378 2801 rer
1402 2777 1493 2802 corr.
1517 2769 1521 2809 Ι
1545 2763 1809 2800 describebant
1827 2766 1839 2810 ΙΙ
1863 2766 1895 2799 4.
1923 2765 1960 2799 et

209 2837 277 2860 ea
311 2829 315 2870 Ι
351 2826 573 2871 diptongam
607 2829 611 2871 Ι
648 2826 692 2860 de
719 2826 767 2871 gl.
796 2828 870 2862 cod.
909 2828 920 2871 ΙΙ
959 2829 989 2860 5.
1015 2826 1235 2870 vpubetenus
1271 2828 1275 2871 Ι
1311 2827 1548 2860 transeuntes
1581 2824 1759 2858 trahebat
1789 2829 1794 2869 Ι
1829 2825 1867 2858 et
1897 2823 1959 2869 ex]

209 2896 252 2919 ex
287 2888 292 2930 Ι
327 2887 495 2931 arreptos
530 2888 534 2930 Ι
569 2885 741 2931 lupisque
768 2897 812 2921 ea:
844 2885 942 2931 lupis
971 2896 1078 2930 aque,
1109 2890 1150 2922 ut
1181 2887 1266 2931 vid„
1293 2897 1383 2921 corr.
1419 2890 1423 2928 Ι
1458 2884 1668 2930 proiciebat
1704 2885 1716 2928 ΙΙ
1754 2886 1785 2918 6.
1818 2893 1884 2928 per
1915 2894 1960 2918 ex

208 2946 332 2989 perset
357 2957 447 2981 corr.
472 2949 476 2990 Ι
499 2946 537 2979 et
562 2944 775 2980 scentillam
801 2947 812 2990 ΙΙ
832 2949 863 2980 8.
890 2944 986 2990 plac.
1014 2946 1089 2980 cod.
1116 2948 1127 2991 ΙΙ
1148 2949 1179 2980 9.
1207 2944 1371 2991 intelligi
1390 2947 1402 2991 ΙΙ
1424 2948 1478 2981 10.
1506 2943 1720 2980 scurrilitas
1743 2944 1748 2989 Ι
1770 2942 1835 2987 qui
1861 2953 1927 2978 om.
1951 2941 1956 2990 Ι

211 3009 265 3040 11.
293 3004 389 3049 plac.
417 3006 492 3040 cod.
513 3007 525 3050 ΙΙ
552 3009 605 3040 14.
633 3003 810 3039 fundauit
835 3016 880 3040 ea:
904 3004 1092 3039 fundabat
1117 3016 1205 3040 corr.
1231 3007 1235 3050 Ι
1265 3004 1387 3040 aucsit
1411 3016 1455 3039 ea:
1481 3003 1582 3039 ausit
1607 3015 1696 3039 corr.
1721 3005 1726 3048 Ι
1754 3001 1919 3037 romulus
1948 3000 1953 3048 1

209 3063 374 3098 exercitu
401 3076 444 3099 em
471 3064 632 3099 exercito
659 3076 750 3100 corr.
774 3064 778 3111 Ι
802 3075 846 3098 ex
873 3063 1080 3099 senioribus
1104 3064 1108 3110 Ι
1139 3063 1237 3099 suise
1263 3076 1329 3100 om«.
1369 3065 1379 3109 ΙΙ
1418 3066 1472 3098 15.
1500 3061 1676 3097 fundauit
1700 3074 1745 3098 θα,-
1770 3060 1958 3095 fundabat

207 3134 296 3159 corr.
321 3124 326 3170 Ι
349 3123 491 3158 romulo
518 3135 562 3159 ea:
588 3123 730 3158 remolo
756 3135 846 3159 corr.
877 3124 881 3170 Ι
915 3125 1079 3159 aetatem
1105 3135 1149 3159 eas
1175 3125 1301 3159 aetate
1327 3135 1416 3159 corr.
1442 3123 1446 3169 Ι

1984 1269 2017 1294 10
