2175 3428
197 113 284 156 232

198 223 325 266 Pedis
360 236 494 277 equus
521 221 641 262 iuxta
668 219 895 261 ambulans
930 216 1053 276 (Cic.)

198 295 365 337 Pedora
398 294 567 336 aurium
600 292 749 334 sordes

197 353 359 408 Pedore
393 365 585 408 sordium
616 363 898 406 inundatione

199 439 363 480 Pedere
397 437 589 480 sordium
622 435 855 478 infectione

164 526 179 551 5
199 509 393 552 Peducas
424 508 570 564 laquei
603 510 705 550 sunt
731 521 817 562 quo
848 506 980 562 pedes
1012 506 1058 547 in

258 582 518 636 laqueantur
545 581 596 623 de
623 580 782 635 quibus
815 579 861 620 in
886 578 959 620 iob
988 578 1058 620 ab·

260 653 457 696 scondita
478 655 544 694 est
570 652 615 693 in
636 654 754 693 terra
779 650 946 706 peduca
966 650 1058 691 eius

198 725 362 767 Pedum
394 724 525 767 fustis
558 737 764 766 recuruus
797 736 883 778 quo
912 724 1058 777 pasto-

259 812 328 839 res
359 797 490 852 pedes
524 795 671 838 ouium
704 793 882 850 capiunt

200 870 364 912 Pedum
402 868 608 911 baculum
646 881 829 909 curuum
867 868 934 908 est
973 880 1057 920 quo

259 942 389 997 pedes
411 941 559 983 ouium
580 938 830 981 detinentur
850 940 894 980 et
913 940 1058 993 pasto-

261 1013 350 1055 rale
384 1015 610 1069 gestamen
1000 1001 1004 1003 ’

201 1085 365 1127 Pedum
422 1083 581 1127 dicitur
642 1083 769 1139 uirga
824 1082 1058 1137 pastoralis

261 1157 381 1199 cuius
414 1171 550 1198 uncus
578 1154 752 1197 additur
782 1154 947 1196 ferreus
975 1169 1061 1209 qua

260 1229 389 1284 pedes
436 1228 753 1270 tondendarum
798 1226 946 1269 ouium
995 1241 1060 1268 ca-

259 1300 440 1356 piuntur
484 1303 528 1342 et
572 1300 617 1341 in
662 1314 706 1342 se
749 1299 884 1341 habet
933 1313 1059 1354 pares

257 1373 394 1414 nodos
416 1372 717 1426 eredecoratos
740 1385 907 1426 queque
933 1370 1060 1412 aliter

260 1444 383 1486 claua
416 1443 694 1498 appellantur

199 1515 400 1558 Peierare
431 1514 581 1557 fallere

146 1602 178 1628 10
198 1588 372 1630 Peierat
403 1588 518 1629 iurat

197 1659 440 1702 Pelieatum
467 1659 738 1701 luxoriosum
760 1673 785 1700 a
805 1657 1058 1701 concubinis

198 1731 448 1774 Penetralia
479 1731 690 1773 interiora
715 1730 785 1773 uel
810 1731 908 1772 loca
939 1729 1057 1784 peni-

258 1807 330 1845 tus
364 1803 514 1845 abdita
545 1802 784 1857 domusque
817 1802 940 1859 regia

199 1874 423 1917 Penitiora
454 1874 696 1936 penetralia
727 1874 845 1916 intus
878 1874 1024 1930 posita

199 1945 496 1988 Penitioribus
530 1946 844 1988 occultioribus

149 2033 182 2057 15
203 2018 483 2060 l‘enitissima
514 2017 726 2060 interiora

201 2089 399 2132 Pensitat
429 2089 564 2131 librat

201 2161 344 2204 Penus
370 2161 416 2203 in
440 2161 558 2204 omni
585 2175 741 2216 genere
768 2162 992 2203 inuenitur
1018 2161 1061 2202 id

263 2235 330 2275 est
362 2247 464 2275 eura
495 2247 656 2288 penum
683 2235 726 2275 et
756 2232 828 2276 hic
854 2248 991 2289 penus
1018 2238 1062 2274 et

263 2304 342 2359 hec
374 2318 511 2359 penus
545 2304 704 2347 dicitur

204 2375 490 2418 Pereatabsas
523 2376 797 2419 blandecedit

207 2447 490 2490 Pereatabsat
521 2447 765 2491 ualdecedit

153 2534 186 2559 zo
205 2519 450 2562 Perciseere
482 2534 824 2576 pei-cognuscere
863 2522 964 2562 ante
997 2534 1064 2562 co-

267 2606 475 2647 gnuscere
509 2594 610 2634 ante
641 2591 830 2647 prescire

656 109 912 145 EXCERPTA
937 108 1003 143 EX
1028 107 1172 144 LIBRO
1199 106 1490 143 GLOSSARVM

1091 217 1312 275 Perduelis
1343 216 1485 259 hostis
1518 216 1706 257 bellator

1091 289 1300 332 Perendie
1333 302 1411 344 pos
1445 287 1636 330 crastina

1093 362 1356 405 Perfidiosus
1389 359 1464 415 qui
1496 374 1667 414 semper

1096 433 1290 476 Perfidus
1324 431 1626 474 fraudulentus
1660 432 1751 474 sine
1783 432 1868 474 fine

1094 505 1289 548 Perfidus
1322 504 1521 559 periurus
1555 504 1764 547 scelestus

1096 577 1292 621 Perfidus
1327 576 1400 631 qui
1434 576 1567 618 semel
1599 576 1729 617 fidem
1760 575 1895 632 fregit

1095 649 1336 692 Perfiubies
1369 647 1509 690 sordis
1542 647 1694 689 effusio

1094 721 1299 764 Perfossa
1324 720 1592 776 perforatam
1618 722 1738 761 stant
1761 734 1840 775 per
1870 719 1954 761 fos-

1156 807 1249 835 sam
1300 792 1385 834 tele
1441 792 1614 834 niueam
1671 791 1810 847 gemis
1862 791 1953 834 eole

1155 866 1345 907 frontem

1096 936 1322 993 Perfrugis
1374 935 1574 992 fugitiuis
1620 950 1732 991 quur
1778 936 1830 978 de
1878 951 1956 992 per

1157 1008 1313 1064 frugiis
1327 1008 1491 1050 nostris
1504 1007 1652 1062 copias
1668 1010 1955 1063 conparantes

1097 1079 1399 1135 Perfunetorie
1431 1079 1620 1121 inaniter

1097 1151 1397 1206 Perfunctorie
1420 1151 1690 1207 ymaginarie
1711 1150 1860 1194 liuiter
1880 1154 1957 1194 aut

1157 1223 1409 1267 transitorie

1097 1297 1345 1354 Pergenuat
1377 1295 1641 1352 pergenibus
1673 1298 1829 1352 perget

1098 1369 1288 1425 Pergula
1316 1367 1495 1425 tuguria
1525 1382 1663 1423 parua
1689 1367 1779 1410 alto
1811 1367 1958 1423 posita

1158 1441 1274 1496 quod
1301 1440 1419 1497 greci
1440 1454 1574 1496 ypero
1596 1439 1772 1483 etchion
1796 1442 1958 1482 uocant

1097 1513 1315 1556 Periclum
1346 1512 1590 1568 periculum

1096 1584 1349 1640 Peripsema
1397 1598 1550 1626 rasura
1594 1586 1671 1627 aut
1719 1583 1957 1627 limnatura
1976 1594 2010 1619 35

1157 1657 1412 1712 cuicumque
1445 1656 1509 1698 rei

1096 1728 1341 1784 Peripsima
1372 1730 1665 1784 purgamenta
1695 1743 1927 1783 pomorum

1097 1801 1342 1857 Peripsima
1386 1800 1555 1855 antiqui
1597 1800 1850 1842 salutabant
1888 1815 1957 1842 an-

1159 1873 1359 1916 cillantes
1386 1871 1627 1914 maloribus
1652 1871 1754 1927 quia
1778 1871 1958 1927 peripsi-

1159 1959 1282 1987 mora
1313 1944 1384 1986 uel
1410 1944 1602 1987 linatura
1635 1943 1869 1987 cuiuslibet
1895 1943 1957 1985 rei

1098 2016 1382 2059 Periseelides
1427 2015 1621 2058 armillas
1665 2015 1824 2071 pedum
1868 2030 1958 2057 mu-

1157 2088 1314 2130 lierum

1098 2159 1271 2202 Peritos
1311 2149 1596 2202 macedonum
1634 2159 1787 2216 lingua
1817 2159 1958 2202 febro-

1160 2232 1276 2274 arius
1310 2231 1471 2274 mensis
1504 2231 1664 2273 dicitur

1099 2303 1323 2346 Pei-mensi
1355 2303 1739 2359 pernauigauimus
1766 2317 1816 2346 eo
1844 2303 1959 2358 quod
1978 2315 2014 2340 40

1160 2390 1296 2431 equor
1328 2375 1452 2430 quasi
1486 2377 1781 2417 mensurasset

1100 2447 1212 2490 Pero
1246 2446 1521 2490 calciamenti
1554 2447 1720 2502 species

1100 2518 1395 2575 Perpessicius
1423 2519 1497 2574 qui
1525 2533 1695 2574 semper
1725 2533 1958 2575 perpassus

1162 2593 1229 2633 est

1973 517 2006 542 25

1974 1090 2010 1116 30

306 2748 335 2780 1.
362 2744 612 2789 Pedissequus
639 2756 683 2780 ex
708 2745 940 2789 Pedisequus
966 2755 1058 2780 corr.
1091 2745 1103 2789 ΙΙ
1137 2749 1166 2778 7.
1198 2745 1305 2789 gesta
1334 2757 1377 2779 m.
1396 2748 1426 2788 J,
1453 2744 1649 2789 gestamen
1674 2746 1757 2779 m.4
1789 2744 1800 2787 ΙΙ
1837 2747 1869 2779 8.
1897 2743 1958 2778 de—

209 2805 358 2838 coratus
381 2806 385 2848 Ι
410 2804 622 2849 apellantur
647 2806 658 2849 ΙΙ
685 2808 740 2839 20.
767 2814 1059 2850 percognoseere
1081 2805 1086 2849 Ι
1110 2814 1331 2849 cognoscere
1357 2806 1368 2847 ΙΙ
1395 2807 1450 2838 ·.'l.
1478 2802 1686 2838 Perduellis
1713 2804 1726 2848 ΙΙ
1755 2806 1812 2838 22.
1838 2804 1925 2848 post
1948 2802 1961 2849 Η

210 2867 265 2898 24.
292 2863 554 2899 fraudulentus
581 2876 626 2900 cx
651 2863 911 2899 fraudolentus
937 2874 1030 2899 corr.
1053 2864 1059 2908 1
1081 2863 1153 2897 fide
1178 2865 1190 2909 ΙΙ
1219 2867 1274 2898 27.
1302 2862 1505 2898 Perfluuies
1532 2874 1577 2898 ex
1601 2862 1806 2898 Perflubies
1831 2873 1922 2899 corr.
1949 2862 1960 2907 ΙΙ

212 2926 267 2957 29.
293 2922 479 2969 profugiis
516 2925 528 2968 ΙΙ
565 2927 620 2958 31.
648 2923 783 2959 leuiter
808 2935 852 2960 ex
878 2922 1014 2958 lebiter
1038 2933 1130 2959 corr.
1167 2923 1179 2967 11
1217 2926 1272 2957 32.
1299 2921 1527 2969 progenibus
1550 2925 1555 2968 Ι
1586 2921 1712 2968 pergit
1748 2923 1760 2968 ΙΙ
1797 2925 1853 2957 33.
1881 2921 1958 2956 alto

212 2993 256 3016 m.
272 2985 306 3026 1,
340 2982 415 3017 alte
448 2986 530 3018 m.4
565 2985 570 3028 Ι
605 2983 711 3019 cicer.
738 2984 813 3019 cod.
852 2984 865 3028 ΙΙ
903 2986 957 3017 35.
991 2981 1200 3028 Peripsima
1231 2994 1275 3017 eoo
1306 2981 1522 3027 Peripsema
1553 2993 1644 3018 corr.
1680 2982 1684 3029 Ι
1725 2985 1781 3018 37.
1807 2981 1958 3017 moleri-

212 3041 283 3075 bus
318 3046 323 3086 ι
358 3042 419 3076 uel
450 3042 600 3078 limmra
635 3046 647 3089 ΙΙ
685 3047 740 3078 38.
774 3041 1018 3078 Periscelides
1049 3054 1093 3078 ex
1124 3041 1382 3077 Periscellides
1408 3053 1498 3078 corr.
1538 3042 1550 3086 ΙΙ
1587 3044 1642 3077 39.
1674 3041 1834 3077 Peritios
1867 3044 1873 3087 Ι
1906 3041 1958 3076 fe-

213 3099 384 3135 bruarius
404 3103 415 3146 u
436 3105 490 3137 40.
518 3112 695 3146 equorum
714 3103 726 3147 ΙΙ
746 3105 800 3137 42.
827 3113 961 3147 passus
980 3103 992 3147 ΙΙ
