2216 3402
214 129 296 170 146
744 127 981 164 PLACIDVS
1009 128 1194 165 CODICIS
1220 129 1433 165 PAR-ISINI

211 239 374 297 Sagina
395 275 401 281 .
422 239 641 295 pinguedo
1110 239 1326 283 Sateltum
1348 275 1356 282 .
1377 241 1591 303 templum
1624 242 1842 284 modicum
1987 258 2023 284 30

207 312 415 369 Sagacius
438 346 445 353 .
469 312 639 354 cautius
1109 311 1329 355 Satellites
1353 347 1361 354 .
1382 327 1534 369 regum
1569 313 1794 372 comites2)
1868 345 1875 353 .

207 383 350 441 Sagax
385 419 392 426 .
426 387 578 426 acutus
607 419 613 426 .
640 383 810 438 peritus
838 417 845 424 .
873 383 1066 438 prescius
1107 383 1313 440 Satrapes
1334 418 1343 426 .
1365 385 1583 440 sapientes

264 456 510 499 futurorum
1107 455 1185 498 Sat
1218 459 1313 498 est.
1336 455 1443 498 satis
1477 460 1545 499 est
1576 457 1647 500 uel
1684 457 1848 502 sufficit

206 529 432 585 Sagaciter
452 561 462 570 .
480 528 662 584 prouide
694 528 764 570 uel
802 530 945 570 astute
1106 526 1253 571 Satius
1275 562 1283 571 .
1308 529 1463 571 melius

168 609 184 635 5
206 601 432 658 Sagacitas
454 635 462 643 .
483 600 760 656 prouidentia
1105 598 1183 642 Sat
1205 635 1213 642 .
1234 600 1398 643 sufficit
1987 617 2021 644 35

205 673 333 716 Salue
355 709 362 716 .
383 674 494 715 haue
573 734 631 737 ss
1105 671 1278 729 Satagit
1299 707 1307 715 .
1329 673 1619 716 deliberatum
1653 674 1822 731 cogitat

205 745 323 788 Salix
364 746 484 788 lenta
517 779 524 787 .
557 745 635 787 fmi
674 745 790 801 geris
823 778 830 785 .
867 743 982 786 idem
1021 746 1065 786 et
1105 743 1288 801 Satrape
1311 779 1318 787 .
1338 745 1524 801 perfecti
1559 761 1786 801 persarum

264 818 506 861 saliuncula
527 853 533 859 .
1105 815 1314 873 Satagere
1337 850 1346 859 .
1367 816 1574 860 festinare

205 890 369 934 Salicta
395 924 404 933 .
433 890 587 933 salices
618 921 626 931 .
652 892 734 945 urg·
763 923 771 930 .
797 889 986 945 populus
1021 892 1064 931 et
1104 888 1336 932 Saturnia.
1358 890 1460 932 iuno
1494 890 1664 932 saturni
1695 890 1786 932 filia

263 964 412 1007 clauca
439 964 707 1005 canuerunt.
729 961 1040 1004 frondesalicta
1103 959 1308 1003 Saturnia
1338 997 1345 1001 .
1373 976 1503 1004 aurea
1541 962 1690 1004 italica
1723 963 1837 1018 quod
1872 964 1964 1006 11110
1984 980 2022 1005 4ο

205 1035 354 1078 Salum
374 1069 382 1078 .
405 1050 523 1077 mare
1162 1036 1368 1075 saturnus
1402 1033 1665 1089 regnaberat

150 1114 183 1139 10
205 1106 350 1150 Saltus
374 1142 381 1150 .
403 1107 516 1149 silua
1103 1104 1182 1147 Sat
1202 1139 1211 1148 .
1232 1105 1340 1147 satis
1374 1108 1440 1147 est

58 1183 189 1219 fomes
205 1178 371 1222 Saltem
391 1213 399 1222 .
421 1179 491 1221 uel
523 1193 638 1220 nunc
659 1212 666 1220 .
689 1180 764 1220 aut
781 1212 787 1218 .
803 1176 1037 1232 aliquando
1103 1175 1354 1234 Satigerum
1375 1211 1383 1219 .
1404 1192 1635 1234 caprarum

202 1250 453 1294 Saliuncula
484 1285 491 1293 .
526 1251 680 1293 salices
713 1286 721 1294 .
755 1250 809 1292 ab
855 1264 904 1292 eo
947 1249 1062 1305 quod
1103 1248 1261 1292 Sator.
1283 1250 1457 1306 genitor

259 1324 432 1366 ueloces
455 1358 462 1366 .
485 1326 686 1366 crescunt
1103 1320 1233 1364 Sator
1252 1356 1260 1364 .
1274 1320 1621 1379 sssslsssminator3)
1653 1325 1781 1378 pater

202 1395 361 1439 Saltim
381 1430 389 1438 .
409 1396 480 1438 uel
514 1399 590 1438 aut
624 1398 739 1438 certe
1102 1392 1234 1435 Sauia
1254 1428 1261 1435 .
1284 1393 1432 1436 oscula
1982 1414 2017 1438 45

202 1468 557 1511 Salectus.locus
590 1468 635 1510 in
662 1483 747 1523 quo
779 1467 932 1510 salices
960 1469 1062 1509 sunt
1102 1464 1282 1508 Saucius
1303 1499 1312 1508 .
1334 1466 1573 1509 semiuibus

149 1558 181 1584 15
203 1539 383 1597 Saltussss
398 1575 405 1583 .
426 1540 630 1596 precipiti
652 1575 659 1582 .
680 1529 800 1582 iactu
1101 1536 1324 1580 Sauricem
1351 1571 1360 1580 .
1387 1538 1572 1581 soricem
1593 1573 1599 1579 .
1623 1538 1793 1594 antiqui
1834 1538 1871 1580 si
1904 1538 1965 1580 di-

202 1612 323 1656 Sales
351 1648 358 1655 .
385 1612 613 1654 urbanitas
640 1646 647 1654 .
675 1611 908 1654 honestiua
948 1612 1062 1654 iocu-
1161 1611 1317 1653 cebant

261 1686 412 1728 latitas
1100 1681 1280 1725 Saucius
1303 1717 1309 1724 .
1331 1683 1587 1725 uulneratus
1621 1682 1890 1726 semianimis

204 1756 358 1800 Samus
380 1792 388 1799 .
409 1757 553 1799 insula
580 1792 587 1798 .
615 1757 661 1798 in
699 1770 805 1813 egeo
843 1756 955 1798 mari
983 1790 991 1798 .
1017 1756 1062 1797 in
1102 1753 1424 1797 Saxideuertice
1457 1788 1466 1797 .
1499 1755 1550 1797 de
1614 1754 1778 1797 montis
1838 1768 1963 1797 cacu-

262 1845 348 1886 qua
378 1829 480 1872 iuno
511 1831 618 1871 nata
649 1832 716 1872 est
1162 1828 1278 1870 mine

204 1901 400 1944 Sanciuit
421 1935 430 1943 .
451 1901 608 1944 statuit
1100 1898 1404 1942 *Salsamenta
1424 1934 1432 1942 .
1454 1913 1604 1942 omnes
1636 1912 1706 1941 res
1739 1897 1852 1941 salse
1881 1932 1891 1940 .
1913 1901 1963 1940 ut
1982 1916 2016 1944 50

204 1973 354 2016 Sancit
375 2008 383 2016 .
404 1973 560 2016 statuit
581 2008 588 2016 .
611 1973 823 2016 concidit.
840 1975 932 2015 scffi
955 1973 1062 2015 facit
1160 1973 1301 2028 pisces
1329 1975 1372 2015 et
1399 1972 1545 2014 sarde.
1561 1969 1829 2026 salsuginem
1852 1973 1961 2026 puto

149 2064 183 2089 20
204 2044 357 2089 Sanxit
378 2080 386 2088 .
406 2045 536 2088 iussit
1160 2045 1301 2100 ipsam
1326 2059 1418 2087 rem
1444 2043 1530 2086 dici
1557 2057 1639 2099 que
1664 2042 1770 2085 facit
1797 2042 1962 2085 salsum

206 2117 446 2160 Sambucus
468 2151 476 2159 .
499 2117 683 2159 saltator
1101 2115 1310 2159 *Sacrum
1332 2149 1341 2158 .
1360 2115 1502 2158 media
1527 2130 1595 2157 res
1623 2117 1714 2157 est.
1729 2117 1772 2157 et
1797 2115 1962 2157 bonum

206 2189 507 2233 Sambucistra
537 2223 545 2232 .
576 2190 649 2245 qui
683 2189 739 2243 in
784 2188 953 2231 cithara
995 2203 1062 2230 ru·
1160 2191 1205 2230 et
1237 2188 1401 2230 malum
1428 2221 1437 2229 .
1462 2202 1564 2229 nam
1596 2186 1779 2229 dicimus
1806 2220 1814 2228 .
1841 2201 1962 2229 sacer

265 2262 375 2305 stica
408 2262 579 2304 canitur
1162 2263 1229 2302 est
1267 2293 1276 2302 .
1313 2259 1358 2302 111
1408 2259 1539 2302 alicuj
1587 2273 1716 2314 quem
1759 2258 1961 2302 uolumus

206 2334 317 2377 Sane
339 2369 347 2377 .
367 2349 470 2376 uero
493 2369 501 2377 .
521 2334 591 2375 uel
624 2336 769 2375 tamen
1163 2332 1354 2375 execrari
1387 2365 1396 2374 .
1429 2334 1505 2373 aut
1550 2331 1687 2374 occidi
1720 2365 1728 2373 .
1762 2333 1805 2373 et
1854 2330 1961 2373 item

206 2404 714 2462 Sanctua1·ium²).loeus
741 2404 810 2446 uel
838 2404 1062 2447 cubiculus
1163 2403 1407 2447 consecrari
1440 2404 1493 2446 ad
1524 2404 1691 2446 bonum
1717 2437 1726 2446 .
1751 2405 1802 2444 ut
1840 2417 1963 2446 sacra

263 2479 339 2521 ubi
372 2480 442 2521 eze—e
475 2492 543 2520 res
577 2480 788 2534 geruntur
1160 2476 1270 2519 mari
1308 2475 1467 2518 colitur
1493 2509 1501 2518 .
1529 2475 1671 2518 medio
1711 2474 1962 2531 gratissima

151 2569 185 2595 25
206 2550 345 2594 Saron
365 2585 374 2594 .
395 2566 527 2606 scopa
549 2584 556 2592 .
577 2552 653 2606 gffi
1160 2548 1290 2591 tellus
1319 2582 1327 2590 .
1353 2548 1407 2590 ad
1444 2547 1607 2590 malum
1646 2561 1800 2589 aurum
1837 2561 1962 2589 sacra

206 2622 345 2680 Sarga
376 2658 386 2668 .
417 2638 505 2665 non
547 2622 726 2664 idoneus
754 2654 762 2663 .
791 2622 911 2664 cuius
953 2622 1062 2664 libet
1159 2607 1296 2663 fames
1317 2622 1360 2662 et
1386 2634 1509 2662 sacra
1534 2619 1785 2675 panduntur
1809 2620 1960 2674 porte.

266 2696 372 2738 artis
1159 2692 1270 2734 unde
1291 2694 1336 2734 et
1355 2691 1471 2748 ignis
1498 2705 1618 2734 sacer
1638 2689 1797 2733 dicitur
1813 2724 1820 2731 .
1834 2689 1959 2732 ulcus

146 2790 148 2793 ·
206 2766 420 2810 Sarabara
441 2801 449 2808 .
469 2766 734 2809 uestimenta
1161 2763 1339 2806 orribile

207 2837 339 2882 Sata.
361 2841 531 2895 segetes
1098 2834 1381 2891 *Sappirinus
1415 2834 1647 2877 scribimus
1673 2867 1683 2877 .
1710 2833 1812 2889 quia
1843 2827 1954 2889 lapis

207 2909 352 2953 Satrix
380 2945 387 2953 .
411 2925 526 2954 nunc
567 2912 673 2953 nn—i‘n
703 2924 848 2953 ‚nunc
888 2908 1063 2965 partici-
1160 2907 1358 2962 sappiros
1390 2896 1549 2949 dicitur

265 2982 386 3037 pium
1099 2977 1397 3035 *Sacrilegum
1429 2978 1611 3021 dicitur.
1628 2977 1741 3020 sacri
1766 2977 1934 3020 furtum

304 3139 338 3181 1)
365 3147 384 3170 0
409 3146 487 3181 sup.
514 3147 580 3173 scr.
601 3137 613 3181 ΙΙ
633 3138 669 3182 2)
696 3135 759 3171 uel
784 3136 949 3172 ministri
974 3136 1160 3173 malorum
1188 3133 1273 3169 add.
1299 3144 1345 3168 m.
1361 3135 1387 3171 2
1408 3132 1474 3177 113)
1501 3133 1524 3167 3
1549 3131 1675 3169 literae
1700 3141 1824 3168 erasae
1842 3132 1855 3177 ΙΙ
