2221 3490
649 149 906 184 EXCERPTA
931 149 996 183 EX
1023 149 1194 185 CODICE
1222 148 1446 183 LEIDENSI
1473 148 1555 183 67Ε
1892 147 1977 189 633

229 257 364 302 Catus
397 259 546 300 doctos
581 259 752 314 sapiens
787 261 938 300 acutus
1123 258 1333 300 Defensat
1366 257 1557 300 defendit

228 329 486 385 Cartilagmi
519 330 722 372 lardobra
1123 329 1354 371 Deuolatio
1388 329 1632 371 desinuatio
1997 340 2032 365 40

229 401 513 444 Casabundus
547 402 767 443 instabilis
800 402 997 443 titubans
1123 401 1355 443 Desituata
1387 401 1602 442 delineata
1633 400 1776 442 forma

229 472 446 515 Cauillum
478 473 598 515 iocus
632 488 729 515 cum
761 473 896 514 uitico
1124 472 1354 526 Delapidat
1387 472 1604 514 delacerat

195 555 210 580 5
231 543 363 586 Caule
398 544 530 587 ouilia
564 548 706 587 curtes
741 544 887 586 ouium
922 547 1044 599 septa
1125 543 1351 585 Decidium
1385 544 1500 598 quod
1534 544 1620 586 cito
1655 544 1814 586 decidit

229 615 563 659 Calcaniotenus
593 631 729 671 usque
758 616 810 657 ad
839 615 1085 657 calcaneum
1125 615 1291 656 Delfica
1324 629 1474 656 mensa
1501 617 1567 656 est
1596 630 1677 670 que
1710 615 1844 656 fiebat
1870 618 1980 669 'aput

229 686 388 730 Carina
418 687 542 729 nauis
576 687 764 728 sculmos
797 687 930 728 linter
1184 685 1321 726 delfus
1356 686 1580 728 ciuitatem

229 757 430 815 Castigat
463 761 631 800 castum
663 758 768 800 facit
1124 757 1402 811 Deprauatur
1435 757 1677 799 minoratur
2000 768 2034 793 45

211 830 470 885 vCatupsum
504 829 616 871 cedit
1123 828 1408 884 Dispeccatus
1441 830 1669 871 decuratus

176 914 207 938 10
228 900 402 944 Caletra
434 901 509 942 ubi
542 916 671 956 uespe
704 900 960 942 nutriuntur
1123 899 1293 942 Dissice
1326 901 1526 956 disperge

228 971 364 1015 Gatax
398 972 575 1014 claudus
609 987 740 1014 coxus
1123 971 1326 1014 Dictator
1361 973 1473 1027 apud
1507 973 1709 1027 antiquos
1741 971 1981 1026 imperatur

228 1044 374 1100 Cappe
408 1045 507 1100 equi
541 1044 697 1086 marini
1125 1043 1387 1086 Diffecatum
1420 1044 1633 1099 liquidum
1665 1058 1822 1098 purum

228 1115 468 1159 Camelleas
501 1116 626 1158 buias
660 1115 808 1158 dicunt
839 1115 882 1157 id
911 1118 978 1158 est
1009 1117 1083 1158 hu-
1124 1116 1363 1171 Dispieatis
1397 1115 1629 1158 decoriatis
2001 1126 2037 1152 50

288 1187 404 1229 milis
437 1188 504 1230 leo
1124 1188 1320 1230 Dissicae
1354 1188 1497 1243 effuga
1531 1187 1695 1242 dissipa

229 1258 418 1302 Cancros
453 1260 665 1302 cancellos
1123 1259 1376 1302 Disclusum
1410 1260 1649 1315 disseptum

174 1343 208 1368 15
229 1331 390 1374 Cecum
423 1334 572 1373 cortex
606 1331 707 1372 mali
742 1331 916 1387 granati
1125 1330 1342 1388 Dispergo
1377 1331 1535 1373 dissico

228 1401 331 1445 Oete
366 1403 463 1445 date
496 1403 564 1444 uel
599 1403 729 1444 dicite
1125 1403 1320 1458 Diaquili
1354 1418 1506 1444 manus
1540 1403 1678 1444 inuidi

227 1473 401 1518 Celetra
432 1475 508 1516 ubi
542 1489 670 1529 uespe
702 1474 957 1516 nutriuntur
1128 1476 1309 1517 Dirutus
1344 1478 1493 1516 erutus
1526 1477 1656 1529 poeta
1689 1475 1914 1516 diexerunt
2003 1485 2039 1512 55

228 1545 466 1588 Cernuatre
500 1546 760 1601 precipitare
1126 1547 1398 1602 Dispeccatis
1432 1547 1662 1588 decoriatis

228 1617 408 1661 Choreis
441 1617 755 1660 ballationibus
1126 1618 1358 1660 Disdomat
1391 1618 1563 1660 diuersa
1595 1619 1729 1661 donat

173 1702 208 1726 20
228 1689 360 1733 Cinus
395 1689 604 1732 torciores
642 1690 740 1731 inde
774 1690 926 1732 cinnus
1125 1690 1389 1732 Domatibus
1424 1691 1552 1732 tectis

228 1759 352 1803 Cima
386 1762 612 1804 cocumula
1124 1761 1347 1803 Dossenus
1379 1777 1566 1816 persona
1598 1763 1899 1818 paresinorum

228 1833 432 1876 Ciroxere
466 1834 841 1876 circumdederunt
1125 1834 1321 1876 Dolubra
1353 1835 1645 1876 instrumenta
1677 1835 1899 1877 rusticana
2003 1846 2038 1871 60

227 1905 390 1947 Cinnus
422 1908 554 1947 notus
1126 1905 1305 1948 Duonus
1338 1906 1478 1948 bonus

228 1976 496 2020 Celindrium
530 1978 638 2019 semi
672 1979 939 2020 columnium

174 2060 208 2086 25
229 2047 355 2091 Cluet
388 2049 583 2092 nominet
618 2050 684 2092 uel
719 2051 892 2092 excellit
1126 2049 1300 2092 Econos
1334 2051 1580 2093 sacerdotes
1613 2051 1790 2094 rusticis

229 2118 463 2176 Celeppere
496 2121 639 2163 furare
675 2122 765 2164 siue
799 2123 1025 2177 subripere
1125 2122 1240 2164 Edes
1274 2125 1449 2177 sumpta
1483 2124 1622 2165 electa

228 2192 390 2234 Clisset
422 2193 577 2235 criscet
1125 2193 1323 2236 Edurum
1356 2195 1466 2236 satis
1501 2196 1655 2236 durum

229 2261 480 2306 Claustrum
514 2266 781 2307 serraculum
814 2266 858 2307 in
890 2266 1025 2308 hostii
1126 2265 1265 2307 Edilis
1299 2266 1482 2308 corrulis
1511 2267 1584 2322 qui
1617 2282 1815 2310 carrucas
1850 2268 1984 2309 habet
2004 2277 2038 2303 65

229 2334 435 2390 Clcpeare
475 2339 706 2392 contegere
750 2337 964 2379 claritudo
1004 2337 1086 2380 cla·
1125 2337 1313 2393 Effingit
1346 2338 1555 2380 emitatur

286 2407 393 2448 ritas
1125 2409 1359 2466 Egelidum
1391 2409 1596 2465 pedidum

173 2492 208 2516 30
230 2478 462 2521 Clauderet
495 2480 759 2522 claudicaret
1126 2482 1302 2537 Egones
1336 2483 1582 2524 sacerdotes
1615 2483 1768 2526 rustici

229 2551 492 2607 Contagium
524 2551 901 2607 inquinamentum
1126 2553 1335 2610 Elogium
1385 2569 1643 2608 responsum
1689 2556 1865 2610 aliquod
1910 2556 1984 2597 ubi

229 2622 452 2678 Competit
485 2623 688 2679 congruit
1185 2626 1301 2667 racio
1325 2626 1519 2667 redditur
1549 2629 1639 2668 tam
1660 2642 1790 2682 quam
1811 2628 1848 2668 si
1869 2627 1985 2670 dicat

1186 2697 1344 2752 aliquis
1383 2698 1657 2753 dequoquam
1697 2699 1800 2741 here
1834 2697 1983 2741 ditabo

226 2765 393 2807 Datiua
425 2766 632 2808 donatiua
1185 2783 1283 2810 cum
1326 2783 1457 2823 quare
1497 2769 1597 2823 quia
1640 2770 1747 2811 mihi
1790 2770 1984 2812 insolens

227 2837 385 2892 Deplet
418 2841 600 2880 euacuat
633 2839 803 2893 deplere
837 2854 1046 2882 euacuare
1183 2840 1267 2882 fuit
1303 2840 1553 2895 frequenter

171 2922 205 2947 35
227 2909 438 2951 Defrodat
471 2909 698 2951 defraudat
1122 2912 1342 2954 Eminisse
1375 2927 1567 2954 crescere
1600 2913 1813 2955 maiorare
2004 2925 2038 2950 ⁷0

225 2979 442 3022 Desiduus
457 2981 698 3023 desidiosus
719 2996 805 3023 non
822 2985 1081 3026 conueniens
1123 2985 1286 3039 Empos
1325 2983 1546 3039 inpaciens
1590 2983 1656 3025 uel
1698 2999 1845 3026 amens
1892 2984 1984 3027 sine

224 3052 422 3094 Delticus
455 3053 658 3094 literatus
692 3053 845 3096 doctus
1185 3058 1327 3097 mente

224 3123 466 3166 Deciduum
499 3124 613 3179 quod
647 3124 854 3167 octiditur
1124 3126 1400 3169 Eminuculis
1434 3127 1728 3169 eminentibus
