2221 3490
659 127 915 162 EXCERPTA
943 127 1008 162 EX
1036 126 1210 162 CODICE
1235 127 1486 164 VATICANO
1516 132 1606 163 1469

241 237 421 280 Taricus
459 237 599 280 salsus

240 309 470 351 Testinum
510 310 581 352 uel
624 309 935 365 tempestiuum
977 324 1105 366 opor-

301 384 457 424 tunum

241 453 433 496 Testudo
463 453 657 496 densitas
685 469 906 496 ramorum
936 457 980 496 et
1007 468 1104 496 con-

299 526 465 569 iunctio
499 528 724 569 scutorum

239 597 467 655 Thegnam
516 598 665 640 fucum
711 597 860 640 dolum
904 597 1103 639 fraudem

298 685 527 727 perperam

200 753 219 779 5
238 742 359 784 Thex
392 745 566 784 secutor

236 812 465 855 Timedum
499 812 661 855 animal
694 812 914 855 marinum

237 874 468 927 Thimelici
501 885 702 927 iocularii
735 884 900 927 immici
929 885 999 926 uel
1028 884 1101 940 qui

295 958 341 999 in
374 958 625 1013 spectaculo
655 957 813 999 ludunt

236 1029 418 1072 Tribula
481 1044 618 1086 genus
682 1029 873 1072 uehiculi
937 1029 1102 1071 dictum

298 1102 505 1144 aterendo
538 1102 652 1144 idest
679 1116 764 1157 quo
791 1101 1012 1144 frumenta
1043 1104 1103 1143 te-

296 1176 453 1215 runtur

236 1244 402 1301 Torper
437 1246 524 1288 cito
558 1249 608 1288 ut
641 1246 789 1288 neleus
824 1248 981 1301 topper
1012 1245 1094 1288 for-

297 1320 400 1372 tune
434 1321 765 1361 commutantur
796 1318 1048 1360 hominibus

93 1426 105 1438 ⁸
184 1401 218 1426 10
237 1388 361 1445 Toga
391 1393 619 1445 praetexta
652 1404 734 1445 que
768 1390 813 1431 in
847 1392 1001 1432 senatu
1034 1390 1097 1431 in-

295 1461 444 1503 duitur
482 1462 664 1517 pallium
703 1461 920 1504 nobilium
961 1477 1098 1503 roma-

294 1548 451 1576 norum

234 1605 407 1648 Tubera
450 1620 588 1663 genus
623 1606 709 1648 cibi
749 1605 874 1661 quasi
913 1606 1097 1663 fungum

296 1679 407 1734 quod
443 1678 646 1721 subterra
678 1678 899 1720 inuenitur

233 1749 468 1806 Tragopan
489 1751 583 1793 auis
611 1751 752 1793 maior
779 1749 938 1806 aquilis
961 1750 1098 1794 corni-

294 1822 376 1864 bus
396 1822 592 1865 arietinis
613 1822 862 1878 praeferens
879 1826 1097 1866 armatum

294 1897 426 1950 caput

233 2037 434 2095 Vectigal
481 2040 699 2081 tributum
742 2039 937 2095 decapite
982 2039 1096 2081 idest

293 2110 461 2153 exactio
494 2111 672 2167 puplica
704 2111 756 2153 ad
790 2111 957 2154 uictum

232 2181 421 2225 Veritim
455 2183 717 2239 singillatim

178 2267 210 2293 15
232 2254 421 2297 Veribus
455 2255 642 2312 uirgulis
675 2255 828 2298 ferreis

231 2326 315 2369 Vel
361 2327 513 2370 celtice
570 2342 708 2385 genus
760 2328 985 2370 cuiusdam
1034 2328 1096 2369 lo-

292 2399 435 2455 quelle

231 2471 422 2514 Vescum
457 2472 635 2515 densum
680 2472 906 2528 spinosum
944 2473 1095 2515 obscu-

290 2559 387 2587 rum

230 2616 469 2659 Vemarum
514 2616 648 2671 herbe
698 2630 835 2672 genus
883 2617 998 2672 quod
1048 2617 1094 2659 in

289 2688 398 2731 locis
431 2688 624 2731 humidis
656 2688 852 2731 nascitur

230 2759 465 2802 Vestibula
498 2759 695 2803 cardines

177 2844 212 2870 20
231 2831 424 2874 Verrunt
456 2835 640 2888 scopant
671 2835 853 2875 uertunt
890 2834 1093 2876 scindunt

289 2904 472 2946 trahunt

229 2975 482 3018 Vellicatim
514 2977 730 3031 paulatim

229 3047 363 3091 Vafre
396 3048 660 3104 inequaliter

230 3119 478 3177 Vagetatur
509 3120 727 3163 uiolenter
759 3120 932 3177 plangit

1921 130 2005 171 527

1144 237 1359 295 Vagurrit
1389 254 1468 295 per
1502 240 1641 282 otium
1673 241 1862 296 uagatur

1143 308 1322 352 Vallum
1377 311 1568 368 undique
1623 311 1837 354 fossatum
1891 312 2006 354 circa
2026 324 2060 349 25

1202 397 1377 424 murum

1141 452 1300 496 Varice
1341 455 1453 496 uitia
1497 455 1682 510 quedam
1723 457 1881 511 pedum
1922 471 2004 511 que

1203 527 1359 568 stando
1392 530 1633 569 nascuntur

1142 596 1347 639 Valitant
1380 599 1474 640 sani
1507 602 1609 641 sunt

1142 668 1344 725 Vagatur
1377 674 1495 712 errat
1533 671 1695 726 ubique
1728 686 1904 727 gressus
1944 672 2004 713 in-

1202 740 1379 783 stabiles
1413 741 1578 784 circum
1609 742 1695 784 fert

1141 811 1392 854 Vadoribus
1427 814 1684 869 sequacibus

1139 883 1278 926 Valus
1307 885 1381 940 qui
1411 886 1595 941 genibus
1623 886 1783 928 iunctis
1808 888 2004 929 ambulat
2023 903 2057 928 30

1141 955 1375 999 Vasticant
1424 972 1503 1012 pro
1555 958 1856 1000 uicissitudine
1909 960 2003 1001 red—

1201 1028 1310 1070 dunt

1143 1099 1353 1142 Vaccinia
1382 1104 1485 1143 sunt
1511 1102 1627 1157 uiole
1656 1118 1763 1159 quas
1796 1103 2004 1159 purpurei

1201 1173 1360 1214 coloris
1395 1188 1488 1215 esse
1523 1174 1805 1216 manifestum
1839 1178 1905 1217 est

1139 1244 1280 1286 Vaces
1313 1260 1422 1300 uene
1456 1260 1609 1301 grosse

1138 1316 1398 1372 Versipellis
1446 1317 1629 1360 callidus
1679 1322 1882 1361 uersutus
1930 1319 2004 1374 qui

1199 1388 1362 1430 colibet
1395 1403 1552 1445 genere
1587 1405 1632 1432 se
1666 1394 1909 1433 commutat

1138 1461 1282 1503 Berna
1318 1476 1456 1518 genus
1490 1461 1624 1504 officii
1657 1463 1727 1505 uel
1761 1463 2003 1505 domestica
2022 1480 2056 1505 35

1138 1533 1403 1576 Bernaculus
1437 1550 1588 1576 seruus
1632 1535 1677 1576 in
1710 1535 1838 1577 domo
1871 1531 2002 1577 natus

1136 1605 1323 1648 Viuidus
1357 1607 1485 1649 fortis
1521 1610 1724 1649 strenuus

1138 1678 1407 1734 Vispillones
1459 1679 1595 1721 baiuli
1646 1681 1714 1722 uel
1765 1680 2000 1722 nudatores

1197 1751 1459 1793 cadauerum

1136 1822 1295 1865 Viuida
1327 1824 1474 1865 ualida

1138 1895 1278 1951 Vipex
1317 1896 1407 1938 uim
1446 1896 1653 1951 patiendo
1692 1897 1761 1938 uel
1802 1896 1893 1938 uim
1924 1912 1999 1952 pa·
2019 1913 2054 1937 40

1194 1969 1308 2010 tiens

1136 2039 1361 2082 Viocolita
1393 2040 1467 2095 qui
1500 2040 1734 2083 uiolentias
1768 2041 1975 2096 prohibet

1135 2111 1314 2155 Virecta
1352 2113 1449 2155 loca
1488 2127 1570 2169 que
1609 2113 1755 2154 uirent
1795 2113 1839 2154 in
1879 2113 1997 2171 agris

1195 2184 1425 2226 arboribus

1136 2255 1278 2312 Vipex
1310 2257 1443 2313 plaga
1476 2272 1526 2299 ex
1558 2258 1686 2314 uirga

1137 2328 1298 2370 Vineas
1345 2329 1796 2372 machinamentorum
1838 2345 1999 2387 genera

1196 2415 1278 2455 que
1312 2405 1415 2443 sunt
1447 2402 1491 2443 in
1519 2403 1697 2445 modum
1729 2402 1925 2464 turrium‘
1945 2403 1996 2444 ad

1195 2474 1508 2530 expugnandos
1541 2490 1689 2518 muros

1134 2545 1355 2601 Viptatim
1388 2561 1545 2603 magne
1579 2547 1758 2590 uirtutis

1133 2617 1327 2660 Virissat
1359 2618 1549 2661 uiriliter
1581 2620 1689 2663 facit

1132 2689 1312 2732 Vltatus
1346 2691 1578 2734 damnatus

1131 2762 1379 2805 Vultuosus
1413 2764 1486 2820 qui
1519 2779 1620 2819 sepe
1646 2764 1819 2806 uultum
1852 2766 1996 2806 mutat

1191 2834 1304 2877 idest
1358 2850 1471 2877 nunc
1523 2836 1665 2878 tristis
1711 2850 1825 2878 nunc
1867 2836 1995 2878 aliter

2015 2561 2052 2587 45

1191 2909 1321 2961 atque
1355 2906 1484 2949 aliter

1132 2978 1310 3020 Vuiduli
1342 2978 1512 3021 humidi
1543 2979 1679 3022 fortes

1130 3049 1301 3093 Vruum
1329 3051 1455 3106 quasi
1476 3051 1749 3107 quartarium
1773 3053 1889 3108 quod
1915 3053 1990 3095 bu-
2010 3066 2045 3092 50

1189 3122 1343 3164 bulcus
1377 3126 1498 3166 tenet
1530 3124 1575 3165 in
1607 3127 1753 3167 aratro
