2221 3490
227 163 316 204 414

230 274 405 316 Morosa
438 273 642 314 diuturna
673 271 743 313 uel
777 271 909 327 longa

228 345 462 387 Maturitas

229 417 487 460 Munuscula
521 431 658 471 parua
689 416 802 457 dona

230 489 416 531 Materia
449 488 572 544 origo
605 487 675 529 uel
707 487 835 529 initio

182 562 209 598 ‘5
229 561 355 603 Noxa
387 561 515 616 culpa
548 558 711 602 crimen

228 632 328 675 Non
369 633 572 688 detegere
613 646 701 673 non
739 631 962 687 publicare
1001 646 1089 673 non

289 704 568 746 manifestare

229 776 410 819 Nonnos
442 778 589 832 patres

229 849 397 892 Norma
428 849 581 905 regula

229 921 332 964 Non
363 921 566 977 prodicus
599 935 687 962 non
720 920 962 975 superfluus

177 1006 211 1030 10
230 993 405 1036 Nimius
438 993 681 1049 superfluus

230 1066 331 1109 Non
365 1066 537 1121 expedit
569 1080 657 1107 non
689 1057 893 1107 conuenit

228 1137 452 1180 Moderate
486 1140 726 1192 temperate

229 1209 495 1266 Magnopere
522 1209 628 1251 forti
656 1209 800 1251 animo
827 1208 898 1250 uel
926 1207 1089 1250 maiore

291 1297 418 1337 opere
663 1281 665 1284 ’

87 1362 150 1398 fol.
161 1367 223 1399 22r
235 1354 422 1397 Officina

180 1438 213 1464 15
233 1427 500 1484 Obiurgetur
532 1426 780 1481 increpetur
813 1425 1014 1480 culpetur

233 1500 490 1542 Obstinatus
524 1498 800 1554 disperabilis
828 1497 896 1539 ue]
924 1497 1092 1538 inreuo-

293 1572 445 1614 cabilis

235 1644 470 1687 Ortodoxis
504 1646 620 1685 recte
653 1642 858 1699 gloriosis

235 1716 459 1758 Presbiter

232 1788 521 1830 Pentecosten

181 1872 215 1897 20
233 1859 368 1903 Plane
402 1875 504 1902 sane
538 1861 652 1902 certe

234 1932 484 1975 Procaciter
516 1931 698 1986 superbe

236 2004 408 2046 Passim
439 2004 523 2046 huc
551 2006 682 2058 atque
708 2001 812 2045 illuc
838 2002 908 2044 uel
939 2002 1095 2044 leuiter

236 2076 437 2118 Psalmus
471 2078 623 2118 cantus

237 2148 428 2190 Priuatis
463 2147 664 2190 alienatis
698 2146 909 2203 seperatis

184 2231 218 2257 25
238 2221 447 2263 Prodicus
480 2220 715 2275 dissipator
748 2218 993 2272 substantie

237 2293 378 2335 Penso
413 2308 541 2335 censo

238 2365 465 2408 Praelatus
498 2364 772 2420 praepositus

238 2437 422 2479 Pedules

239 2508 424 2551 Prouide
459 2510 583 2551 caute
616 2508 729 2549 iuste

186 2590 221 2614 30
243 2581 474 2630 Quantitas
507 2594 709 2621 mensura

242 2652 476 2708 Quippiam
508 2651 647 2693 modis

240 2724 474 2767 Remmota
506 2723 653 2765 ablata

242 2796 466 2838 Reculicet
498 2795 686 2837 reculcet
719 2810 795 2836 reu

241 2868 412 2924 Regula
444 2868 559 2910 dicta
592 2882 640 2909 eo
675 2867 789 2921 quod
822 2868 937 2908 recte
970 2863 1089 2906 ducit

189 2948 223 2972 35
243 2940 504 2982 Ratiociniis
531 2939 643 2980 unde
670 2937 782 2980 ratio
807 2936 1102 2995 conprobetur

246 3012 456 3053 Recreare

245 3083 540 3137 Responsoria
573 3083 645 3138 qui
679 3083 732 3124 ab
772 3095 857 3124 uno
896 3079 1104 3135 incipitur

306 3157 350 3196 et
382 3155 435 3196 ab
471 3154 567 3197 aliis
601 3153 880 3209 responditur

745 159 989 196 SPECIMEN
1016 158 1202 195 CODICIS
1228 157 1479 194 LEIDENSIS

1125 269 1278 311 Rubor
1309 269 1570 311 uerecundia

1128 340 1299 383 Sinaxis
1340 340 1595 383 solemnitas
1634 339 1985 395 uespertinorum

1185 413 1256 454 uel
1290 412 1490 455 collectio
1524 411 1784 455 coadunatio

1128 484 1363 541 Senpectas
1410 484 1627 539 sapientes
1678 483 1749 526 uel
1794 483 1985 526 seniores
2005 495 2041 520 40

1185 560 1360 612 pectore

1128 629 1451 685 Scrupolositas
1473 628 1674 670 dubietas
1698 628 1768 669 uel
1789 627 1986 669 anxietas

1186 702 1257 744 uel
1291 701 1425 743 animi
1458 700 1664 743 molestia

1130 773 1364 829 Scapulare
1470 826 1477 831 Ἰ

1129 845 1430 902 Suspendatur
1464 829 1704 900 separetur
1754 841 1805 900 (a
1842 857 1921 897 pro
1965 857 1987 884 e

1186 916 1311 974 corr.)

1130 990 1360 1033 Sarabaita
1379 989 1581 1032 rennuita
1603 986 1824 1045 (ybpostea
1839 987 1990 1029 lineola

1187 1060 1337 1118 deleta)

1130 1133 1351 1190 Stirpator
1383 1134 1627 1176 desertator

1131 1206 1208 1250 Sin
1241 1206 1350 1249 alias
1384 1205 1584 1248 sinaliter

1130 1278 1176 1322 Si
1209 1294 1294 1334 quo
1328 1277 1471 1320 minus
1508 1275 1705 1331 alioquin

1131 1350 1403 1407 Subrogetur
1443 1348 1719 1391 submittitur
1757 1347 1828 1390 uel
1868 1346 1992 1389 mini-

1191 1425 1356 1466 stretur

1132 1495 1355 1552 Sagatitas
1388 1493 1673 1549 inuestigatio
1707 1491 1918 1534 uelocitas

1132 1566 1359 1610 Sarabaite
1400 1565 1552 1622 lingua
1584 1563 1813 1621 egyptiaca
1851 1564 1897 1606 in
1927 1553 1992 1606 lat
2012 1577 2047 1603 50

1191 1639 1350 1681 dicitur
1377 1637 1575 1680 rennuite
1598 1636 1672 1692 qui
1693 1635 1888 1678 refutant
1910 1636 1991 1677 abb

1190 1711 1351 1753 habere

1134 1781 1413 1825 Subiectione
1447 1780 1696 1824 subditione

1135 1854 1387 1910 Spernendo
1421 1852 1696 1909 despiciendo

1135 1926 1316 1969 Suaderi
1347 1926 1381 1982 (i
1397 1940 1479 1980 pro
1506 1940 1527 1967 e
1554 1921 1676 1980 corr.)
1705 1922 1870 1966 censeri
1896 1923 1994 1965 hor-

1193 1999 1279 2041 tari

1135 2071 1247 2114 Sane
1281 2073 1395 2113 certe

1137 2143 1314 2186 Sincera
1346 2142 1518 2197 integra

1137 2214 1477 2272 Suggessionem
1523 2209 1886 2267 supplicationem
1932 2209 1988 2251 in-

1195 2286 1458 2329 dicationem
1492 2282 1850 2339 suffragationem

1135 2359 1227 2402 Vili
1260 2357 1446 2402 cationis
1480 2355 1754 2412 prepositure

1134 2431 1222 2474 Vbi
1256 2434 1299 2473 et
1330 2430 1404 2472 ubi
1439 2429 1701 2482 ubicumque

1136 2503 1414 2546 Verbotenus
1449 2501 1562 2543 sicut
1595 2498 1690 2541 dico

1137 2574 1477 2631 Verbigratione
1511 2569 1870 2614 sermotinatione

1137 2646 1317 2688 Temere
1345 2645 1437 2688 sine
1464 2643 1646 2687 consilio
1674 2643 1743 2684 uel
1769 2630 1997 2696 presumpt

1137 2718 1418 2760 Tirannidem
1450 2716 1667 2769 crudelem
1707 2714 1798 2755 siue
1831 2711 1997 2754 duriter

1139 2789 1410 2845 Temperiem
1442 2786 1742 2831 moderatione

1139 2862 1430 2905 Teterrimum
1461 2859 1745 2916 nigerrimum

1139 2921 1394 2989 Temperisis
1426 2932 1772 2987 temperamento

1140 3006 1402 3048 Taxauimus
1435 3001 1760 3059 designauimus

1141 3077 1395 3120 Tirannides
1428 3075 1599 3130 iniquas
1634 3073 1877 3128 potestates

1141 3150 1264 3206 Typo
1296 3147 1465 3190 inflatio
1499 3144 1640 3189 cordis
1674 3144 1742 3186 uel
1776 3141 1980 3199 superbia

2007 1145 2043 1172 45

2012 2152 2047 2179 55

2016 2583 2049 2608 (30

2016 2938 2052 2965 (35
