2216 3402
117 536 133 561 5

102 1469 135 1494 10

677 122 911 158 PLACIDVS
939 123 1067 158 LIBRI
1093 122 1386 158 GLOSSARVM

150 234 318 276 Iterant
351 233 496 275 dicant
528 233 722 274 indicant

151 304 310 346 Itidem
340 304 502 346 iterum
529 307 659 358 atque
691 303 851 345 iterum

150 376 281 418 Iubat
313 376 500 418 delectat
532 375 640 417 libet

151 447 342 490 Iubenca
368 445 612 504 iuueneml)
638 446 828 502 puellam
855 443 1010 502 ((1691.)

151 519 389 561 Iubencula
420 520 580 574 pharos
610 523 648 568 Bc
682 532 808 572 seper
839 517 1010 558 uirenes

213 594 256 633 et
292 606 397 633 num
430 605 560 645 quam
600 592 825 631 senescent
864 589 1011 630 lumen

212 666 261 704 ut
293 662 329 704 si
362 647 412 704 de
447 661 536 703 sole
569 662 760 703 dicamus

152 733 583 776 Iubentusssiubenta
619 733 821 774 iubentas
863 731 1012 773 iuben-

211 808 282 847 tus
315 805 521 847 iubenum
559 804 795 846 multitudo
834 803 1015 844 iubenta

214 878 293 919 dea
354 876 597 918 iuuentutis
659 876 861 917 iubentas
917 875 1014 929 ipsa

212 951 365 991 nostra
410 951 503 989 etas
555 950 620 989 est
665 948 738 989 sed
782 947 925 988 nostri
967 946 1015 987 in

213 1020 433 1075 plerisque
472 1020 580 1062 locis
614 1019 741 1061 aliter
773 1021 1013 1074 posuerunt

153 1092 376 1134 Iudicatus
413 1091 573 1133 iudicio
608 1091 804 1133 addictus
841 1090 1013 1131 damna-

212 1166 370 1218 tusque

154 1235 355 1291 Iugarius
389 1234 533 1276 arabis
564 1234 629 1276 ita
661 1237 728 1276 est

154 1307 261 1363 Iuge
308 1307 398 1348 sine
450 1306 690 1348 defectione
740 1321 818 1360 per
861 1321 890 1346 n
941 1307 1016 1346 aut

214 1381 422 1434 perpetuo
456 1378 594 1420 fluens

154 1450 253 1507 Iugi
297 1450 475 1492 iunonia
523 1464 608 1504 qua
651 1449 774 1491 uicus
819 1449 1014 1504 iugarius

215 1521 359 1563 arauis
391 1522 455 1563 ita
487 1524 554 1563 est
587 1519 654 1578 (cle
681 1519 756 1578 ql.)

154 1593 316 1635 Iulium
342 1608 535 1635 mensem
562 1592 608 1634 in
628 1593 792 1635 honore
820 1593 893 1648 gai
918 1593 1013 1634 iulii

216 1665 374 1708 cesaris
412 1665 691 1720 imperatoris
731 1665 901 1706 romani
943 1680 1013 1719 pa-

217 1737 319 1792 gani
352 1740 715 1779 consecrauerunt
748 1734 814 1792 (de
840 1735 916 1791 yl.)

156 1809 306 1867 Iunius
340 1809 503 1850 maium
529 1823 721 1850 mensem
747 1808 908 1863 pagani
929 1813 1015 1849 ma-

216 1880 382 1922 ioribus
417 1882 670 1934 sequentem
704 1894 807 1921 uero
840 1880 1015 1921 minori-

217 1952 298 1993 bus
325 1952 495 1993 romani
515 1955 881 1993 consacrauerunt
903 1952 1015 1993 unde

218 2026 262 2065 et
318 2023 462 2065 iunius
514 2023 672 2065 dicitur
723 2026 852 2065 antea
902 2024 1016 2065 enim

216 2095 403 2150 populus
430 2095 476 2136 in
502 2094 699 2137 centuria
726 2095 945 2137 seniorum
973 2098 1017 2136 et

217 2166 438 2208 iuniorum
470 2165 636 2208 diuisus
670 2169 763 2208 erat
795 2165 938 2224 (Isid.)

157 2238 331 2280 Iunium
356 2252 549 2280 mensem
571 2253 596 2279 a
614 2237 788 2280 iunione
811 2241 1017 2280 uocatum

219 2310 343 2352 aiunt
388 2325 517 2365 quam
562 2325 756 2364 sororem
805 2310 875 2351 uel
920 2325 1017 2351 con-

220 2382 367 2437 iugem
410 2382 524 2423 iobis
575 2381 710 2423 fuisse
756 2379 1018 2437 testantur2)

1848 120 1901 161 79

1107 231 1181 273 alii
1209 235 1355 273 autem
1383 231 1495 271 sicut
1522 229 1685 270 maium
1710 244 1789 284 pro
1817 245 1903 270 ma-

1106 303 1271 344 ioribus
1309 302 1373 343 ita
1405 301 1573 342 iunium
1611 315 1690 355 pro
1729 300 1905 341 iuniori-

1106 375 1187 415 bus
1221 374 1366 416 uocari
1399 373 1599 414 dixerunt
1632 370 1776 428 (Isid.)

1048 445 1196 501 Iurgio
1229 445 1523 487 incursatione
1558 442 1624 500 (de
1651 441 1725 500 (sl.)

1048 516 1122 558 Ius
1178 517 1412 571 pistorium
1467 516 1574 557 iuris
1629 513 1905 570 pistoriumss)
1928 526 1959 551 15

1108 588 1193 629 iuri
1221 588 1406 642 pistorio
1432 588 1499 629 ius
1527 586 1760 642 pistorium
1787 601 1811 627 o
1838 586 1905 627 ius

1110 659 1343 714 pistorium
1375 660 1428 700 ab
1461 659 1544 701 hoc
1577 659 1669 700 iure
1700 658 1887 712 pistorio

1050 731 1182 772 Iubat
1214 731 1400 772 delectat
1433 731 1565 785 prode
1599 733 1664 771 est
1698 727 1764 785 ((ῐο
1792 728 1865 784 ql.)

1050 802 1179 844 quta
1241 802 1448 857 oppidum
1714 815 1906 842 carceres

1111 872 1270 931 <wo-9.)
1299 887 1302 889 Δ

1516 816 1650 856 prope

1051 1017 1247 1059 Kalende
1282 1016 1443 1058 mensis
1476 1015 1667 1070 inceptio
1701 1012 1767 1072 (de
1794 1013 1869 1071 ql.)

1051 1089 1286 1131 Kalumnia
1318 1103 1395 1143 per
1426 1086 1468 1129 k'
1489 1088 1763 1129 scribendum
1794 1087 1907 1141 quod

1112 1164 1178 1203 est
1210 1161 1402 1217 iurgium
1433 1160 1523 1201 litis
1557 1157 1623 1216 (de
1650 1157 1724 1216 92.)

1054 1233 1202 1288 Kaput
1228 1233 1370 1288 prima
1395 1247 1496 1287 pars
1522 1231 1712 1274 hominis
1747 1228 1813 1287 (de
1834 1227 1909 1286 91.)
1930 1244 1963 1268 20

1052 1376 1325 1419 Labentibus
1357 1376 1683 1417 transeuntibus
1718 1373 1784 1430 (de
1807 1371 1879 1428 ql.)

1054 1447 1314 1490 Laberintus
1359 1448 1481 1489 locus
1526 1447 1572 1488 in
1610 1450 1728 1488 creta
1766 1447 1911 1488 insula

1112 1520 1354 1575 parietibus
1382 1519 1579 1560 obscuris
1613 1518 1910 1560 circumtextis

1113 1607 1240 1647 quem
1267 1592 1488 1646 edificauit
1509 1591 1685 1632 dedalus
1708 1588 1910 1645 artifex4)

1052 1663 1253 1705 Laberna
1285 1663 1503 1719 gladiator
1537 1664 1628 1704 siue
1661 1661 1731 1702 fur
1905 1648 1907 1651 ,

1054 1736 1283 1778 Lacessam
1314 1735 1482 1776 uocabo

1051 1806 1282 1849 Lacessere
1315 1806 1530 1848 metafora
1562 1821 1586 1846 a
1619 1806 1798 1847 canibus
1837 1805 1906 1846 uel
1928 1819 1963 1843 25

1114 1894 1138 1919 a
1164 1878 1269 1920 feris
1291 1893 1372 1932 que
1394 1877 1536 1919 solent
1562 1878 1790 1919 lacerando
1816 1892 1912 1931 pro-

1114 1965 1270 1992 uocare
1314 1950 1496 1991 uerbum
1509 1946 1543 2004 5)
1590 1947 1911 2004 coniugationis

1115 2022 1244 2076 tertie
1278 2024 1475 2076 correpte

1054 2093 1237 2136 Lacteus
1271 2093 1458 2135 circulus
1490 2093 1563 2134 uia
1596 2107 1677 2147 que
1710 2092 1755 2133 in
1787 2107 1911 2147 spera

1114 2165 1287 2207 uidetur
1337 2165 1462 2220 quasi
1514 2165 1613 2206 alba
1659 2178 1787 2218 quem
1838 2163 1912 2205 alii

1117 2237 1266 2279 dicunt
1287 2236 1443 2279 animis
1469 2236 1693 2290 heremum
1716 2235 1913 2290 antiquo-

1117 2324 1213 2351 rum
1246 2324 1290 2350 se
1322 2308 1462 2369 fertur
1489 2323 1580 2350 esse
1608 2310 1651 2349 et
1684 2307 1911 2349 meritores

1116 2380 1319 2436 plendere
1341 2380 1415 2422 alii
1441 2395 1546 2422 uero
1573 2380 1690 2420 uiam
1711 2393 1804 2420 esse
1832 2394 1912 2433 que

257 2548 290 2592 1)
312 2551 396 2592 post
420 2559 446 2580 n
471 2550 570 2583 2-3
591 2547 660 2582 litt.
682 2558 787 2590 eras„
812 2548 966 2590 fortasse
992 2546 1070 2591 cul,
1098 2551 1130 2581 et
1151 2557 1208 2581 em
1229 2558 1273 2581 eoe
1293 2557 1354 2580 am
1379 2558 1425 2581 m.
1441 2550 1465 2582 2
1492 2547 1504 2591 ΙΙ
1532 2546 1567 2591 2)
1592 2557 1618 2579 n
1642 2557 1670 2580 s.
1696 2556 1763 2581 scr.
1790 2557 1835 2579 m.
1850 2549 1875 2581 2
1903 2545 1913 2575 ’1

162 2608 197 2652 3)
224 2606 238 2640 1
259 2611 343 2652 post
367 2619 385 2641 r
409 2608 483 2642 vid.
510 2618 590 2652 exp.
616 2609 701 2642 m.2
734 2608 746 2651 ΙΙ
777 2609 814 2652 4)
840 2619 858 2641 1·
883 2619 910 2642 s.
937 2618 1004 2642 ser.
1031 2619 1076 2641 m.
1092 2609 1117 2642 2
1149 2608 1160 2651 ΙΙ
1192 2608 1228 2651 5)
1255 2606 1364 2640 rbum
1389 2607 1431 2640 in
1455 2617 1528 2640 ras.
1555 2609 1638 2641 m.2
1670 2608 1680 2650 ΙΙ

259 2753 290 2785 1.
325 2734 455 2784 dicunt
491 2752 502 2794 ΙΙ
547 2753 577 2785 3.
612 2749 774 2784 delectet
811 2751 823 2795 11
866 2753 898 2796 4.
931 2750 1094 2784 quenca
1132 2752 1142 2795 ΙΙ
1187 2753 1217 2784 5.
1251 2748 1456 2783 quencula
1481 2760 1525 2783 esc
1549 2748 1753 2782 Iubencula
1779 2759 1869 2783 corr.
1905 2749 1909 2790 Ι

164 2820 310 2854 semper
332 2811 336 2853 Ι
359 2810 524 2844 nitentes
552 2811 564 2854 11
590 2813 620 2844 6.
648 2810 826 2844 quentus
853 2822 897 2845 ex
922 2809 1102 2844 Iubentus
1129 2821 1220 2844 corr.
1244 2811 1249 2853 Ι
1278 2808 1433 2842 iuuenta
1459 2820 1503 2843 εει·
1528 2807 1684 2841 iubenta
1709 2819 1799 2843 corr.
1825 2809 1828 2852 Ι
1857 2807 1912 2841 111-

163 2870 295 2903 uentas
322 2880 366 2903 ex
391 2868 565 2904 iubentas
590 2880 683 2904 corr.
718 2872 722 2914 1
763 2868 942 2903 iuuenum
977 2873 980 2914 !
1021 2869 1176 2903 iuuenta
1202 2880 1246 2903 6ae
1277 2868 1434 2901 iubenta
1459 2879 1550 2902 corr.
1587 2869 1590 2910 Ι
1630 2865 1838 2900 iuuentutis
1870 2877 1914 2901 eoe

163 2928 371 2963 iubentutis
397 2940 489 2964 corr.
524 2931 529 2973 1
563 2928 737 2963 iuuentus
764 2940 808 2964 em
833 2929 1010 2964 iubentus
1036 2941 1127 2964 corr.
1161 2930 1172 2972 ΙΙ
1205 2930 1234 2961 7.
1263 2926 1398 2961 iuditio
1429 2929 1440 2971 [Ι
1474 2930 1528 2961 10.
1557 2926 1681 2960 arabis
1713 2928 1724 2971 ΙΙ
1758 2930 1811 2961 11.
1845 2925 1912 2960 im-

163 2989 354 3032 peratores
386 2989 397 3032 11
430 2991 485 3022 12.
518 2986 706 3022 iuniorum
730 3000 775 3023 em
799 2987 1011 3023 lumborum
1038 2999 1129 3023 corr.
1161 2988 1173 3031 ΙΙ
1206 2989 1259 3021 13.
1288 2985 1424 3020 iunone
1460 2988 1464 3030 1
1495 2986 1659 3019 testatur
1689 2988 1700 3032 11
1734 2989 1787 3022 15.
1821 2985 1912 3020 iuris

163 3046 349 3092 pistorum
380 3048 391 3090 {l
425 3049 478 3082 16.
505 3046 616 3081 quat
640 3059 684 3082 eoe
715 3047 827 3081 Iubat
857 3059 948 3083 corr.
984 3048 989 3092 l
1028 3045 1182 3091 prodest
1210 3047 1221 3090 Η
1252 3049 1308 3079 26.
1343 3045 1501 3079 Lacteus
1528 3056 1572 3080 ex
1596 3044 1753 3079 Lacteos
1779 3057 1870 3081 corr.
1905 3044 1909 3087 Ι

165 3100 308 3142 1110111ῑο
326 3105 564 3151 resplendere
599 3108 603 3151 1
