2216 3402
254 122 338 164 170

310 233 545 274 obseruant
607 231 722 273 dicta
791 232 891 272 sunt
953 233 1098 273 autem

309 302 499 359 auspicia
521 302 644 357 quasi
665 300 812 345 auium
832 301 995 357 ospicia
1015 302 1097 345 duo

310 377 410 417 sunt
440 377 585 415 autem
617 387 776 429 genera
808 373 1098 429 auspiciorum

310 460 443 488 imum
498 445 551 487 ad
602 445 750 487 oculos
807 445 992 487 alterum
1048 437 1099 487 ad

309 532 433 560 aures
465 517 730 572 pertinentes
758 517 811 559 ad
843 516 990 559 oculos
1023 517 1099 559 sci<

308 589 409 630 licet
471 588 643 630 uolatus
706 588 758 630 ad
826 601 950 629 aures
1015 602 1099 630 uox

311 659 455 702 auium

249 730 456 786 Auspicia
476 731 601 786 signa
616 731 728 787 quod
748 745 824 786 per
844 745 946 773 aues
961 733 1099 773 osten-

309 803 426 844 ditur
458 802 580 858 quasi
614 802 776 844 auieria

250 874 468 930 Auspiciis
499 875 544 915 in
577 873 714 916 initiis
747 874 815 916 uel
847 876 1064 928 potestate

250 946 518 1002 Auspicuum
562 945 655 987 auis
694 945 867 1001 signum
910 945 980 987 1101
1024 945 1100 986 ini-

311 1018 424 1060 cium
456 1032 682 1060 mensuum

250 1089 408 1132 Astera
449 1089 561 1132 irata
601 1103 752 1144 oycero
797 1091 891 1131 tum
930 1090 1103 1130 austera

311 1161 448 1204 siccus
482 1163 622 1203 estum
655 1160 751 1202 fusa
783 1160 819 1202 si
850 1160 998 1201 laudes

214 1242 229 1266 5
250 1232 497 1274 Auster-itas
531 1231 739 1274 seueritas

250 1304 497 1346 Austeritas
530 1302 746 1348 sterelitas

250 1374 412 1417 Austra
442 1375 487 1417 id
519 1377 587 1416 est
612 1377 655 1416 et
687 1376 784 1416 rota
809 1374 863 1416 ab
896 1373 1099 1416 auriendo

309 1461 420 1501 aqua
452 1445 567 1488 dieta

251 1518 404 1560 Austri
435 1517 573 1559 nimbi

251 1589 547 1632 Autumabam
579 1589 864 1630 aestimabam

198 1671 230 1695 10
251 1661 465 1703 Autumat
496 1660 698 1702 aestimat
731 1660 835 1702 dic-it

250 1874 442 1931 Babiger
478 1873 639 1916 stultus

251 1945 479 1988 Baccalem
510 1945 727 2001 gellonem
754 1945 829 1987 ubi
861 1945 1004 1987 infusa
1035 1945 1086 1987 fit

251 2017 519 2072 Baccapulus
569 2016 613 2058 in
664 2031 746 2072 quo
797 2016 959 2059 mortui
1009 2016 1103 2058 effe-

313 2091 468 2130 runtur

253 2159 485 2202 Baocatam
505 2159 736 2202 baccarum
756 2157 889 2201 sacris
910 2158 1105 2214 frequen-

312 2233 453 2272 tatum

203 2318 234 2342 ιῑ,
254 2302 502 2345 Bacoilatex
533 2301 684 2344 uinum

254 2373 443 2416 Baccum
480 2373 630 2415 uinum
662 2376 705 2414 et
743 2387 820 2427 pro
858 2387 943 2414 uno
978 2387 1104 2427 quem

314 2460 338 2486 a
375 2445 513 2486 libero
551 2446 675 2499 pater
715 2444 940 2486 inuentum
971 2443 1104 2486 fuisse

313 2518 439 2570 poete
472 2516 643 2570 fingunt

261 2585 466 2629 Baccunis
499 2585 673 2628 rusticis
707 2585 853 2627 stultis

258 2658 386 2699 Bafer
418 2671 595 2713 grossus

705 119 958 156 EXOERPTA
983 119 1049 156 EX
1073 119 1214 156 LIBRO
1241 119 1530 157 GLOSSARVM

1137 230 1317 272 Baiulus
1349 229 1539 285 portitor

1137 301 1299 344 Balbus
1332 301 1406 356 qui
1435 301 1568 343 habet
1593 300 1761 343 dulcem
1791 299 1986 357 linguam
2007 316 2041 341 20

1138 373 1301 415 Balbus
1332 372 1406 428 qui
1431 372 1564 414 uerba
1587 386 1675 414 non
1701 371 1887 427 explicat
1911 375 1987 415 aut

1198 443 1362 500 frangit

1138 516 1307 557 Balista
1351 529 1486 571 genus
1532 514 1728 557 machine
1771 515 1882 557 unde
1920 529 1986 558 ex-

1198 586 1419 629 cutiuntur
1451 586 1638 642 sagittae

1139 658 1341 700 Balteum
1373 656 1594 714 cingulum

1138 728 1369 771 Baratrum
1413 730 1569 784 puteus
1608 731 1675 770 est
1715 729 1760 771 in
1798 744 1882 785 quo
1921 730 1988 773 de-

1198 803 1434 843 secretores
1467 799 1781 855 precipitantur

1139 872 1433 914 Barbastereli
1466 872 1714 914 duribucius

1139 943 1337 985 Barritus
1369 958 1454 985 uox
1486 943 1705 998 elephanti

1139 1014 1285 1057 Bai-rit
1318 1029 1414 1057 oum
1446 1029 1596 1057 uocem
1629 1015 1792 1058 emittit

1140 1086 1278 1128 Basus
1312 1085 1432 1128 rufus
1465 1086 1589 1142 niger

1140 1158 1390 1200 Bascuudas
1424 1172 1579 1201 concas
1612 1173 1756 1201 aereas

1141 1229 1306 1271 Basilla
1336 1228 1488 1285 regina

1139 1300 1352 1342 Basilissa
1381 1299 1635 1356 imperatrix

1138 1372 1377 1414 Basiliscus
1422 1385 1597 1427 serpens
1643 1373 1717 1427 qui
1760 1374 1867 1416 flatu
1911 1388 1989 1416 suo

1200 1444 1314 1499 quod
1347 1443 1529 1499 attingit
1560 1443 1751 1487 incendit

1139 1515 1319 1556 Basium
1369 1514 1484 1570 quod
1533 1515 1658 1557 uxori
1707 1517 1835 1558 datur
1887 1532 1990 1559 nam

1199 1586 1407 1628 distantia
1454 1586 1535 1640 hec
1582 1589 1649 1628 est
1698 1587 1832 1629 uerba
1881 1587 1990 1630 siuel

1198 1657 1323 1699 uxori
1380 1657 1575 1699 osculum
1633 1658 1735 1700 filiis
1792 1659 1990 1701 suauium

1199 1731 1344 1772 scorto
1376 1729 1436 1771 sit
1467 1729 1721 1784 deputatum

1140 1800 1353 1843 Basterna
1384 1802 1502 1843 tecta
1533 1801 1745 1844 manualis

1140 1871 1349 1914 Batillum
1381 1872 1631 1914 turabulum

1142 1944 1340 1986 Baubare
1373 1944 1556 1986 sibelare
1589 1958 1743 1986 canum
1781 1945 1849 1985 est
1880 1943 1992 1986 sicut

1201 2015 1379 2072 gannire
1410 2015 1608 2070 uulpium

1141 2086 1374 2129 Baucalem
1405 2086 1621 2142 gellonem
1654 2085 1730 2127 ubi
1767 2085 1912 2128 infusa
1941 2086 1992 2127 fit

1142 2157 1410 2213 Belligerant
1441 2159 1638 2214 pugnant

1142 2228 1323 2271 Bellona
1362 2228 1440 2269 dea
1483 2242 1753 2284 paganorum
1796 2227 1930 2271 latine
1968 2243 1994 2270 a

1201 2299 1316 2341 bello
1345 2298 1569 2341 nominata

1142 2370 1321 2413 Benalia
1351 2371 1541 2427 benigna

1142 2442 1376 2484 Bendidios
1396 2441 1697 2484 bitiniensium
1716 2441 1867 2496 lingua
1883 2441 1993 2497 apri-

1202 2514 1256 2556 lis
1290 2513 1450 2555 mensis
1483 2513 1641 2555 dicitur
1673 2511 1750 2568 (Bc)

1142 2584 1329 2627 Bombix
1361 2599 1518 2627 aranea

1143 2656 1336 2698 Bombus
1369 2655 1556 2698 imitatio
1589 2655 1709 2697 uocis

2008 886 2042 912 25

2009 1244 2044 1270 30

2011 1887 2046 1914 35

2010 2388 2046 2414 40

258 2857 382 2891 auium
417 2856 560 2902 aspicia
591 2868 635 2891 esc
667 2856 792 2890 auium
824 2856 969 2901 uspicia
999 2868 1090 2892 corr.
1131 2857 1136 2900 Ι
1177 2855 1260 2890 isid.
1287 2856 1362 2891 cod.
1405 2857 1417 2900 ΙΙ
1462 2859 1491 2891 1.
1525 2854 1693 2901 auigeria
1735 2856 1748 2899 ΙΙ
1791 2858 1822 2889 3.
1847 2853 1959 2889 initia
1982 2853 1995 2899 11

259 2920 290 2950 4.
318 2916 475 2950 Austera
501 2915 599 2950 irata
623 2917 634 2960 Η
662 2919 691 2951 7.
718 2915 757 2950 id
784 2916 855 2961 est]
882 2915 980 2950 idem
1007 2917 1018 2960 ΙΙ
1050 2919 1102 2950 13.
1131 2914 1337 2949 Baccaulus
1357 2916 1369 2959 ΙΙ
1395 2918 1448 2949 14.
1475 2913 1654 2948 bacarum
1680 2915 1692 2955 ΙΙ
1716 2916 1772 2947 22.
1799 2912 1959 2947 Ballista
1984 2913 1995 2957 11

258 2978 314 3009 334.
348 2974 576 3010 deseretores
608 2987 652 3011 επ
684 2976 934 3010 ‹lesecretores
966 2986 1056 3011 corr.
1094 2976 1106 3020 ΙΙ

1143 2979 1199 3009 25.
1233 2973 1351 3008 sterili
1392 2976 1396 3018 Ι
1437 2972 1647 3008 duributius
1685 2975 1696 3017 ΙΙ
1734 2976 1789 3007 26.
1816 2971 1993 3016 elephans

261 3045 344 3067 cum
373 3036 385 3075 Ι]
418 3039 471 3068 28.
500 3035 636 3068 Barrus
662 3037 673 3079 ΙΙ
706 3039 761 3070 139.
788 3034 1003 3069 Bascaudas
1027 3036 1040 3079 ΙΙ
1059 3037 1114 3069 31.
1141 3032 1342 3068 Bassilissa
1367 3044 1412 3067 m.
1428 3037 1460 3076 1,
1486 3031 1689 3066 Bassilisca
1714 3033 1900 3076 1η.41132.
1928 3029 1992 3064 ad-

259 3092 375 3138 tingit
392 3094 404 3137 ΙΙ
424 3097 477 3128 36.
506 3093 725 3129 siuelatrare
745 3097 756 3138 11
776 3097 831 3129 37.
859 3093 1059 3129 Bancalem
1091 3094 1101 3138 ΙΙ
1134 3096 1188 3128 41.
1217 3103 1408 3137 aranea·‚·s
1427 3092 1439 3135 ΙΙ
