2216 3402
270 141 299 180 4
719 139 952 174 PLACIDVS
977 138 1230 173 LIBRORVM
1255 137 1571 174 ROMANORVM

273 248 438 290 Aruina
468 249 697 305 pinguedo.
985 276 987 279 -
1220 247 1389 290 foedam
1423 251 1466 290 et
1498 248 1729 303 superbam
1762 247 1933 289 caedem
1965 249 2015 288 ut

269 319 487 361 Altilitate
533 320 585 361 ab
632 319 783 360 alendo
828 319 871 360 id
915 322 982 361 est
1028 319 1124 374 ipsa
1218 334 1296 373 pro
1329 319 1549 361 iactantia.

330 405 396 432 res
429 405 536 445 quae
570 391 711 432 alitur.
1161 390 1366 432 Adoleuit
1381 391 1564 432 uerbum
1584 393 1650 432 est
1671 390 1782 445 quod
1799 390 1860 432 ire
1882 389 2014 446 signi-

269 462 370 504 Acti
404 462 540 504 coacti
575 461 798 516 compulsi.
1218 461 1320 503 ficat
1353 463 1458 503 abeo
1478 460 1606 503 ‘enim
1640 463 1706 502 est
1732 475 1877 503 cresco
1902 460 2014 502 unde

269 533 513 574 Autumant
546 532 729 574 efferunt
762 531 1019 574 confirmant
1052 532 1121 573 uel
1220 532 1357 573 adulti
1413 532 1615 574 (licuntur
1670 531 1848 574 iuuenes
1909 531 2014 573 flore

328 604 592 645 adseuerant.
1220 603 1375 645 aetatis
1415 606 1457 645 et
1499 604 1765 646 incremento
1806 603 1901 657 ipso
1942 617 2015 657 po-

231 689 247 713 5
271 674 523 728 Auspicium
551 678 616 716 est
648 674 823 716 initium
851 673 1032 715 alicuius
1059 673 1120 714 rei
1219 674 1293 715 siti
1325 673 1462 716 Valde
1502 674 1755 716 aduerbium
1794 676 1861 715 est
1904 687 2014 715 com-

327 747 399 800 qui
443 746 583 800 primo
633 746 767 787 sumit
811 744 1034 787 exordium
1077 744 1120 784 id
1217 745 1443 800 probantis
1475 745 1544 787 uel
1576 745 1814 800 probantis.

326 820 392 858 est
409 817 637 859 inchoatur
654 819 702 858 ut
722 817 815 858 fiat:
838 818 904 857 est
923 818 965 857 εὴ
982 815 1121 869 auspi·
1159 816 1329 859 Adorea
1360 817 1484 872 panis
1512 817 1562 858 de
1593 817 1719 859 adore
1752 816 1795 857 id
1822 819 1887 858 est
1918 816 2012 858 laus

326 887 438 930 cium
472 889 585 942 quod
618 883 719 930 aues
759 887 1018 929 animalibus
1050 901 1121 941 pa·
1217 888 1262 928 in
1292 887 1460 929 bellica.

326 959 449 1013 ganis
470 959 707 1015 auguribus
723 959 992 1000 demonstrat
1009 958 1119 999 unde
1157 957 1392 1000 Adsentiae
1425 959 1747 1001 adsentationes
1779 959 1892 1000 idest
1916 973 2013 1001 con-

325 1029 472 1072 futura
520 1034 770 1072 noscuntur.
834 1031 934 1071 sunt
983 1029 1121 1084 igitur
1218 1030 1378 1072 sensio:
1420 1033 1468 1071 ut
1500 1030 1636 1085 siquis
1670 1030 1752 1071 tibi
1785 1030 1834 1071 de
1868 1030 2014 1084 aliqua

325 1101 439 1142 bona
460 1102 652 1157 auspicia
668 1115 775 1155 quae
791 1104 952 1156 cogunt
973 1115 1040 1141 res
1058 1100 1118 1140 in·
1216 1116 1261 1143 re
1288 1101 1403 1143 dicat
1431 1104 1474 1143 et
1493 1104 1542 1143 tu
1566 1101 1633 1142 illi
1659 1101 1875 1143 adsentias
1892 1100 2012 1162 ipsae

326 1173 492 1214 choare.
514 1175 614 1214 sunt
626 1173 740 1214 mala
753 1186 861 1226 quae
873 1170 1119 1226 prohibent.
1217 1187 1284 1214 res
1318 1173 1537 1214 adsentiae
1569 1175 1884 1227 nuncupantur.

264 1243 394 1285 Actio
433 1243 634 1286 dicuntur
671 1244 767 1285 loca
804 1245 969 1284 secreta
1007 1242 1120 1284 circa
1157 1242 1347 1285 Achates
1391 1243 1502 1298 lapis
1545 1247 1612 1286 est
1655 1244 1792 1285 ueluti
1835 1243 2012 1300 galbani
2033 1259 2067 1286 15

323 1330 439 1356 mare
472 1315 515 1356 id
548 1317 614 1356 est
646 1315 691 1356 in
728 1313 857 1355 litore
892 1328 1044 1354 amena
1077 1315 1120 1354 et
1218 1314 1375 1356 coloris
1408 1315 1453 1356 in
1492 1315 1643 1357 achate
1682 1315 1815 1356 fluuio
1849 1314 2010 1356 siciliae

323 1386 581 1441 uoluptaria.
1215 1385 1403 1440 plurimo
1423 1401 1603 1429 nascens
1625 1386 1677 1427 ad
1703 1386 1892 1442 gratiam
1917 1400 2011 1441 per-

263 1456 418 1498 Ausim
438 1456 618 1498 uerbum
635 1459 701 1498 est
717 1455 967 1511 promissiui
985 1455 1118 1496 modi:
1217 1457 1359 1498 tineus
1393 1460 1436 1499 et
1467 1458 1559 1500 ueri
1592 1460 1878 1500 consecratus.

324 1531 374 1569 ut
407 1528 442 1569 si
479 1528 594 1569 dicas
629 1528 767 1569 ausim
800 1527 939 1569 dicere
979 1526 1119 1568 ausim
1158 1528 1375 1584 Analogia
1402 1532 1467 1571 est
1498 1528 1672 1571 initium
1697 1529 1766 1570 uel
1795 1528 2010 1570 rectitudo

325 1615 350 1641 a
381 1599 563 1641 cecitate
597 1598 716 1640 cuius
745 1601 812 1639 est
837 1598 959 1639 uerbi
979 1598 1120 1653 prima
1218 1600 1399 1642 alicuius
1431 1600 1565 1642 uerbi.

323 1685 508 1726 persona
557 1670 692 1711 audeo
737 1672 780 1711 et
830 1667 934 1710 dicit
979 1668 1117 1710 ausim
1155 1672 1417 1727 Accipenser
1438 1686 1572 1728 genus
1593 1671 1724 1726 piscis
1745 1673 1811 1712 est
1831 1686 1929 1713 raro
1949 1671 2011 1713 in-

323 1741 439 1783 ausis
473 1740 587 1782 ausit
619 1740 690 1782 uel
722 1740 861 1782 audet.
1214 1746 1392 1784 uentum
1424 1743 1467 1784 id
1500 1745 1566 1784 est
1597 1742 1754 1784 nobile.
1966 1785 1972 1793 ,

266 1812 476 1855 Aesculus
515 1811 684 1853 arboris
721 1826 880 1853 nomen
917 1814 961 1852 et
1000 1811 1118 1867 glan·
1155 1814 1343 1856 Asillum
1375 1829 1527 1870 graece
1568 1814 1780 1868 templum
1811 1813 1865 1854 ad
1896 1813 2012 1868 quod

325 1884 484 1925 diariae
517 1883 569 1924 ab
595 1898 692 1925 esca
725 1883 840 1924 dicta
872 1882 986 1937 quod
1019 1885 1117 1925 ante
1215 1884 1350 1940 siquis
1393 1884 1673 1941 confugiebat
1712 1884 1876 1939 nephas
1917 1887 2027 1926 erat·

324 1970 450 1997 usum
463 1954 670 1996 frumenti
689 1954 794 1996 haec
810 1954 937 1995 arbor
953 1954 1118 1996 uictum
1215 1957 1330 1998 trahi
1349 1956 1462 1998 idest
1489 1971 1543 1997 an
1569 1955 1781 1998 trahendo
1809 1955 2009 2010 spolium.

326 2026 583 2068 mortalibus
616 2025 830 2080 praebeat.
1154 2027 1349 2083 Apporia
1384 2042 1587 2083 graecum
1624 2031 1782 2068 nom'en
1813 2029 1890 2068 est.
1942 2029 2010 2068 est

263 2096 422 2139 Arctos
456 2099 522 2138 est
554 2096 682 2137 stella
712 2111 836 2137 ursae
874 2096 919 2137 in
951 2099 1118 2150 septen·
1215 2101 1359 2140 autem
1393 2098 1568 2139 affiuxio
1601 2098 1669 2139 uel
1703 2097 1906 2139 diriuatio
1938 2097 2008 2138 uel

324 2168 463 2209 trione
484 2167 628 2222 posita
646 2182 805 2208 nomen
825 2170 891 2208 est
915 2181 1117 2223 graecum
1213 2169 1327 2211 feces
1353 2169 1422 2210 uel
1449 2169 1655 2223 reliquiae
1683 2183 1731 2211 ac
1757 2169 1904 2210 sordes
1928 2167 2009 2210 ele-

325 2239 426 2294 quia
457 2253 558 2280 ursa
599 2252 750 2293 graece
785 2241 927 2280 arctos
960 2238 1117 2280 dicitur
1215 2243 1460 2282 mentorum
1475 2239 1574 2295 quia
1588 2241 1632 2281 in
1646 2255 1746 2281 aera
1765 2242 2008 2295 purgantur

326 2323 427 2365 ergo
460 2309 662 2363 procellis
695 2309 1060 2364 septentrionalis.
1214 2312 1325 2353 unde
1358 2312 1598 2367 gignuntur
1623 2311 1669 2352 in
1695 2313 1811 2352 terra
1836 2311 2007 2352 diuersa

214 2394 245 2417 10
265 2378 554 2434 Amphitrites
576 2382 641 2421 est
661 2380 738 2421 dea
762 2381 893 2422 maris
919 2383 1117 2422 matrona
1214 2381 1601 2424 animaliaarbores
1613 2381 2005 2436 lapidesetherbae.

322 2450 513 2505 neptuni.
1154 2451 1305 2508 Apage
1338 2453 1518 2495 abscede
1551 2455 1594 2494 et
1624 2453 1743 2494 uade.
2024 2467 2059 2492 20

265 2521 444 2576 Alapari
483 2525 548 2563 est
588 2521 732 2576 alapas
771 2522 925 2563 minari
968 2523 1012 2564 id
1050 2525 1116 2564 est
1153 2522 1290 2577 Atqui
1322 2524 1454 2566 immo
1487 2526 1530 2566 et
1561 2523 1597 2565 si
1630 2523 1713 2565 sed.

359 2689 390 2719 4.
411 2684 592 2719 Autumat
611 2696 634 2719 α
653 2685 664 2729 ΙΙ
685 2689 714 2720 5.
736 2684 889 2720 inicium
908 2698 931 2720 a
953 2686 958 2731 1
981 2696 1076 2729 quae
1097 2686 1115 2721 b
1141 2688 1146 2729 Ι
1166 2684 1320 2721 inchoat
1339 2687 1359 2722 b
1378 2688 1390 2732 ΙΙ
1409 2690 1440 2722 6.
1461 2686 1557 2722 Acta
1577 2698 1667 2723 corr.
1684 2687 1763 2723 b²c²
1786 2688 1790 2733 Ι
1813 2685 1926 2722 litora
1945 2699 1964 2723 c
1987 2687 2000 2734 ΙΙ

268 2745 297 2777 7.
325 2743 465 2778 Ausum
491 2756 514 2779 α
547 2746 552 2788 Ι
587 2755 717 2778 ausum
750 2749 801 2779 ter
827 2757 850 2779 α
880 2746 892 2789 ΙΙ
923 2748 954 2779 8.
988 2755 1073 2792 esca
1105 2757 1194 2781 corr.
1222 2746 1263 2780 α2
1296 2748 1301 2790 Ι
1337 2745 1521 2793 prebebat
1552 2757 1641 2781 corr.
1670 2746 1733 2782 bc²
1763 2747 1776 2791 ΙΙ
1806 2749 1838 2781 9.
1871 2756 2003 2792 graece

267 2804 389 2836 arctas
409 2815 457 2837 ac
480 2805 483 2846 Ι
507 2802 529 2837 f.
557 2803 736 2848 prostella
758 2814 805 2838 .S.
829 2804 865 2838 b²
886 2805 926 2838 in
945 2816 1058 2850 πται-9.
1078 2806 1089 2849 ΙΙ
1111 2808 1163 2838 10.
1186 2804 1399 2850 Amphitres
1421 2817 1444 2840 a
1462 2807 1473 2850 ΙΙ
1494 2808 1547 2839 11.
1570 2803 1700 2850 Alapri
1721 2817 1744 2840 a
1762 2806 1774 2850 ΙΙ
1794 2808 1848 2841 12.
1870 2804 2003 2840 adoleo

268 2861 364 2895 enim
391 2872 480 2897 corr.
508 2862 541 2897 οἳ
564 2864 568 2907 Ι
591 2862 629 2897 in
654 2863 742 2896 flore
768 2874 859 2898 corr.
887 2863 923 2897 b²
951 2864 956 2906 Ι
988 2863 1271 2908 comprobantes
1298 2876 1321 2899 a
1339 2866 1351 2909 ΙΙ
1379 2867 1431 2899 13.
1458 2863 1583 2909 panis]
1610 2863 1633 2899 f.
1661 2863 1743 2898 laus
1770 2876 1796 2900 s,
1823 2865 1865 2900 in
1889 2876 2002 2910 mary.

267 2921 287 2954 b
310 2923 314 2961 Ι
344 2920 432 2954 item
453 2932 522 2965 pro
539 2921 652 2958 :adest
677 2933 767 2957 corr.
795 2922 829 2957 οῖ’
865 2923 869 2966 Ι
898 2921 935 2955 in
962 2934 1040 2966 emp.
1069 2923 1088 2957 b
1120 2924 1130 2966 ΙΙ
1161 2926 1213 2958 14.
1243 2923 1287 2957 de
1314 2935 1380 2958 om.
1406 2934 1429 2958 a
1454 2923 1466 2966 ΙΙ
1495 2925 1549 2957 15.
1576 2921 1730 2967 galbam
1754 2924 1806 2958 ab
1825 2925 1836 2969 ΙΙ
1869 2926 1922 2959 16.
1949 2921 2003 2956 ui—

268 2978 363 3012 cium
391 2992 413 3014 α
433 2982 442 3023 ΙΙ
465 2984 516 3015 17.
545 2981 758 3026 Anipinsier
778 2993 800 3015 α
826 2982 901 3025 (secl
920 2980 1142 3026 Accipensor
1170 2983 1208 3016 in
1228 2984 1367 3028 υκαι-9.).
1400 2981 1602 3026 Acipenser
1621 2993 1710 3018 corr.
1725 2983 1771 3019 οἳ.
1806 2981 2006 3028 Anipinser

267 3039 305 3073 b:
337 3050 425 3075 corr.
448 3041 468 3074 b
503 3041 542 3074 in
568 3053 679 3086 υκαι-9.
715 3042 726 3085 ΙΙ
760 3043 813 3074 18.
841 3040 1000 3074 Asinum
1027 3041 1061 3076 ει
1088 3045 1120 3075 et
1151 3046 1235 3076 ante
1261 3053 1350 3078 corr.
1377 3055 1410 3077 a.
1450 3039 1621 3088 Asyllum
1648 3042 1678 3076 b.
1717 3041 1861 3077 Asilum
1886 3041 1921 3077 ο2
1948 3042 1954 3087 Ι
1981 3052 2005 3075 a

268 3098 448 3132 trahendo
476 3111 564 3134 corr.
593 3101 673 3134 [2²02
693 3102 704 3145 ΙΙ
739 3103 792 3135 19.
819 3100 976 3144 Aporria
1003 3101 1022 3135 b
1050 3101 1090 3135 ‘in
1115 3112 1226 3147 Μαι-9.
1252 3105 1256 3145 Ι
1289 3103 1345 3134 est
1370 3102 1521 3136 alterum
1549 3112 1612 3136 om.
1642 3114 1664 3136 (ι
1687 3102 1692 3149 Ι
1723 3100 1906 3135 deriuatio
1933 3111 1951 3135 c
1975 3102 1987 3146 ΙΙ
