2216 3402
632 123 865 158 PLACIDVS
892 123 1145 159 LIBRORVM
1171 122 1488 158 ROMANORVM
1875 124 1929 164 29

249 234 293 273 et
329 231 572 274 inuocando
610 232 832 287 proximos
873 246 1042 287 quoque
1080 232 1280 274 Infuruas
1313 232 1476 274 insulas
1511 231 1706 273 offundis.

251 303 543 346 auxiliatores.
1080 302 1304 345 Immerito
1336 317 1424 345 non
1457 302 1624 344 merito.

189 373 358 415 Inluuie
391 374 557 416 incuria
589 375 802 417 sordibus.
1082 373 1297 415 Insortem
1333 374 1648 416 infelicitatem.

188 445 459 488 Inclamitari
499 446 738 487 conuitium
779 445 870 500 pati
911 445 1039 486 inter·
1081 443 1286 485 Instabor
1318 445 1457 486 instar
1488 445 1557 487 uel
1590 444 1842 486 similitudo.

249 517 347 558 dum
383 517 543 572 corripi
575 519 652 559 est,
1079 514 1313 556 Istamcine
1346 516 1477 557 istam
1509 530 1623 572 ergo.

189 587 330 642 Igitur
362 588 463 629 dum
496 587 658 628 deinde.
1079 584 1273 627 Iactatus
1307 586 1506 628 inductus
1541 590 1703 641 captus.

187 658 434 714 Ingluuiem
479 661 684 700 cornutus
726 661 924 700 uentrem
964 658 1042 713 pli·
1079 656 1264 710 Impitus
1297 657 1536 711 implicitus
1569 659 1638 699 uel
1670 658 1883 699 inretitus.

247 730 346 771 nius
378 729 647 771 edacitatem.
1080 726 1278 770 Intercus
1537 743 1650 783 rops.

152 800 401 842 5Inmundo
435 801 634 856 expedito
673 801 742 842 uel
776 801 827 842 ad
866 816 1042 842 manum
1082 799 1304 853 Impotens
1337 799 1478 853 impos
1512 800 1580 840 uel
1614 800 1704 841 sine
1738 800 1934 853 potentia

135 1383 169 1409 10

137 1883 170 1908 15

138 2598 172 2622 20

247 872 484 927 procincto.
1140 871 1358 912 interdum
1390 873 1664 925 praepotens.

189 943 282 984 Iani
314 943 439 985 labor
472 943 658 985 seruiam
685 943 849 985 dictum
876 959 901 985 a
932 944 1044 985 iacu-

248 1015 302 1057 lis
337 1015 410 1070 qui
442 1018 544 1057 sunt
575 1014 800 1057 militares-
1117 1035 1338 1079 INCIPIT
1369 1036 1485 1078 PER.
1517 1036 1558 1078 K
1589 1036 1904 1079 LITTERAM.
1956 1050 1989 1074 :10

188 1086 410 1128 Interficto
443 1087 723 1141 interrumpe.

188 1157 439 1212 Impatibile
451 1159 566 1213 quod
579 1158 672 1212 quis
684 1158 776 1212 pati
787 1173 874 1200 non
886 1161 1043 1213 potest.

188 1229 239 1270 In
289 1244 439 1271 moene
489 1230 737 1284 improbum
784 1230 1044 1284 culpandum

247 1300 317 1341 uel
349 1300 568 1342 interdum
595 1315 768 1342 munere
797 1301 1044 1342 liberatum.

189 1370 337 1413 Iecore
368 1372 570 1414 iocinore.

188 1441 454 1485 Infermento
500 1446 567 1485 est
610 1444 694 1485 iter
742 1443 1045 1486 infermentari
1117 1429 1341 1473 INCIPIT
1375 1430 1491 1472 PER
1523 1429 1557 1471 L
1591 1429 1906 1472 LITTERAM·

1081 1119 1275 1162 Kalende
1308 1120 1469 1162 mensis
1500 1120 1704 1175 inceptio.

1081 1191 1228 1247 Kaput
1259 1192 1401 1246 prima
1432 1207 1532 1247 pars
1564 1191 1765 1234 hominis.

1082 1263 1317 1305 Kalumnia
1347 1263 1538 1319 iurgium
1570 1263 1673 1304 litis.

248 1514 292 1555 id
324 1517 390 1556 est
428 1515 585 1558 taciter
623 1514 947 1558 dissimulanter
984 1516 1045 1558 in—
1081 1513 1318 1556 Ludicrum
1351 1513 1657 1569 spectaculum.
1957 1524 1991 1549 35

247 1588 479 1629 traserunt.
1080 1585 1302 1628 Ludibrio.

188 1656 438 1712 Imploratis
471 1658 699 1701 inuocatis.
1081 1657 1316 1700 Lemorum
1347 1657 1580 1698 laruarum.

188 1727 344 1771 Indute
378 1744 481 1786 erga
512 1733 555 1771 te
586 1731 656 1772 uel
689 1733 788 1772 ante
821 1733 877 1772 te.
1082 1728 1252 1784 Lupam
1301 1729 1574 1770 meretricem
1624 1742 1649 1769 a
1699 1728 1936 1782 rapacitate

189 1799 339 1856 Iurgio
371 1801 678 1843 incursatione.
1141 1801 1212 1842 uel
1256 1816 1280 1842 a
1328 1799 1507 1841 libidine
1557 1799 1685 1840 huius
1737 1800 1937 1841 animalis

191 1870 313 1913 Inter
344 1874 434 1914 stat
464 1873 579 1915 inter
611 1876 687 1915 est.
1141 1872 1253 1913 unde
1286 1874 1329 1913 et
1359 1871 1543 1926 lupanar
1575 1870 1743 1912 dicitur.

189 1942 295 1998 Iuge
341 1944 432 1985 sine
471 1944 711 1987 defectione
755 1959 956 2000 peremne
995 1959 1044 1987 ac
1081 1943 1291 1999 Lepidula
1321 1942 1493 1984 festina.

248 2018 518 2069 perpetuum.
1081 2014 1339 2057 Ludibunda
1372 2014 1636 2056 adulescens.
1956 2025 1990 2049 40

189 2084 411 2128 Iudicatus
449 2087 609 2129 iudicio
642 2087 839 2130 addictus
873 2088 1045 2130 damna·
1082 2087 1278 2129 Laudare
1309 2085 1532 2128 nominare
1565 2085 1634 2126 uel
1667 2084 1839 2126 referre.

249 2159 419 2212 tusque.
1084 2158 1282 2200 Litumos
1321 2157 1581 2212 patientiam
1619 2157 1830 2199 calcatam
1869 2157 1937 2197 uel

191 2227 446 2284 Infrequens
491 2231 648 2273 absens
693 2231 858 2273 alienus
903 2231 1045 2273 dictus
1144 2229 1445 2271 crudelitatem
1476 2228 1522 2270 in
1553 2228 1697 2270 ritum.

251 2300 441 2342 militum
473 2300 714 2357 ignominia
741 2303 815 2357 qui
845 2318 942 2345 cum
974 2317 1046 2344 uo-
1083 2300 1289 2343 Lorarius
1322 2303 1475 2342 tortor.

252 2372 338 2413 cati
368 2386 455 2413 non
482 2373 722 2416 adfuissent
752 2374 1046 2429 infrequentes
1084 2371 1278 2413 Latrinis
1310 2372 1418 2414 locis
1452 2371 1609 2427 quibus
1650 2370 1849 2412 solebant
1881 2370 1939 2411 la-

249 2443 529 2486 notabantur.
1143 2444 1239 2485 uari
1271 2443 1456 2485 sordida.

190 2513 373 2557 Infindis
403 2515 558 2572 ingens
591 2515 766 2558 oblitus.
1083 2515 1254 2557 Lustris
1291 2514 1399 2557 locis
1439 2515 1598 2556 abditis
1637 2515 1682 2556 in
1720 2528 1828 2568 quae
1866 2524 1992 2567 po-45

190 2585 389 2642 Insequis
414 2602 566 2629 narras
592 2587 726 2629 refers
753 2589 797 2629 et
827 2587 1046 2630 interdum
1141 2587 1265 2628 tandi
1301 2586 1618 2641 libidinumque
1659 2599 1786 2627 causa
1827 2598 1938 2626 sece-

251 2659 409 2715 pergis.
1143 2658 1314 2700 debant.

288 2797 540 2834 4.1ncluuiem
555 2800 574 2834 b
598 2804 602 2841 Ι
624 2797 772 2844 plenius
788 2812 811 2835 α
830 2802 841 2844 ΙΙ
863 2805 916 2835 11.
931 2799 1033 2846 intra
1041 2799 1197 2846 'syserunt
1213 2799 1251 2843 (n
1265 2800 1384 2843 erasa)
1400 2798 1429 2834 b.
1457 2797 1687 2832 intruserunt
1701 2808 1718 2832 c
1738 2797 1749 2841 ΙΙ
1770 2800 1825 2832 15.
1840 2796 1939 2831 Inter

194 2859 250 2893 est
271 2860 347 2892 stat
361 2860 380 2894 b
399 2860 412 2903 ΙΙ
433 2862 487 2894 17.
510 2859 661 2894 additus
682 2861 732 2895 ab
752 2862 763 2905 ΙΙ
784 2863 838 2895 18.
859 2858 1052 2905 ignomina
1067 2872 1089 2894 a
1109 2861 1119 2903 Η
1140 2861 1195 2893 20.
1216 2868 1378 2902 perenne
1393 2869 1410 2893 c
1429 2858 1439 2900 ΙΙ
1460 2861 1514 2891 25.
1536 2856 1739 2891 Istanicine
1753 2857 1772 2891 b
1792 2858 1803 2901 ΙΙ
1823 2860 1879 2891 27.
1900 2855 1940 2889 in

193 2917 330 2952 reticus
358 2930 389 2953 α.
417 2917 583 2952 irretitus
610 2930 628 2954 c
646 2920 657 2964 11
683 2922 738 2953 28.
766 2919 932 2953 Intereus
958 2931 982 2953 α
1014 2921 1017 2963 Ι
1053 2919 1139 2952 ante
1166 2928 1251 2961 rops
1279 2917 1412 2952 lacuna
1438 2918 1478 2950 'in
1503 2918 1668 2952 ommibus
1699 2917 1710 2960 ΙΙ
1742 2919 1798 2951 30.
1824 2914 1938 2949 INCI-

192 2977 341 3012 PIVNT
361 2989 385 3012 a
403 2979 415 3022 11
435 2981 490 3012 31.
516 2977 643 3023 Kaput
662 2978 783 3024 prima
802 2989 888 3023 pars
909 2977 1070 3013 hominis
1092 2978 1200 3012 ettam
1214 2980 1299 3021 post
1317 2974 1481 3020 inceptio
1503 2976 1635 3022 legitur
1654 2977 1696 3011 iu
1715 2988 1737 3011 α
1756 2978 1768 3020 ΙΙ
1787 2979 1842 3010 34.
1870 2974 1938 3008 IN-

194 3035 387 3071 CIPIVNT
413 3049 436 3072 a
467 3038 478 3081 Η
516 3040 571 3072 35.
597 3036 755 3072 Ludicro
782 3039 835 3073 0¹.-
861 3049 950 3074 corr.
977 3037 1022 3073 οἳ.
1068 3035 1310 3070 Ludicrorum
1335 3039 1419 3070 ante
1444 3046 1533 3070 corr.
1560 3035 1579 3070 b
1611 3036 1622 3080 ΙΙ
1665 3038 1721 3071 37.
1748 3034 1937 3068 laruarum

194 3097 226 3141 (r
246 3097 354 3141 prius
379 3107 423 3131 ex
449 3098 555 3142 corr.)
582 3108 605 3132 a
635 3098 647 3142 [Ι
679 3101 734 3132 42.
761 3096 990 3142 pacientiam
1016 3108 1038 3131 ιι
1064 3097 1075 3140 Η
1101 3098 1156 3129 43.
1184 3093 1355 3129 Lolarius
1382 3099 1466 3131 ante
1490 3106 1581 3131 corr.
1609 3095 1628 3129 b
1660 3096 1671 3139 11
