2221 3490
212 145 298 185 556

214 254 371 296 Pistris
405 251 529 293 nauis

214 324 380 367 Pistrix
413 323 542 364 belua

212 397 292 439 Pol
325 394 510 437 iurantis
545 393 800 436 aduerbium
833 396 900 434 est

215 468 438 511 Posticum
477 466 622 509 neutri
668 468 712 507 et
756 464 952 507 feminini
1001 479 1074 521 ge-

272 540 387 583 neris

177 626 193 652 5
214 612 351 655 Podia
385 627 469 667 quo
502 610 764 652 tendebatur
799 610 945 651 uelum

215 683 483 727 Polisillabis
517 682 667 724 multis
702 681 870 724 sillabis

220 756 443 799 Poscimus
478 754 727 810 promeritis

217 829 350 872 Polex
370 827 540 883 eoquod
566 826 731 882 polleat
755 825 920 867 uirtute
948 840 1077 880 super

276 900 437 957 digitos

221 972 470 1015 l'ulbinaria
502 971 667 1026 templa
699 985 775 1013 seu
806 970 958 1013 lectuli

167 1060 197 1084 ιο
216 1046 489 1100 Purpureum
517 1057 634 1085 mare
661 1042 837 1098 nigrum
865 1045 908 1084 et
939 1043 1078 1085 altum

221 1117 432 1160 Puluinus
467 1130 598 1158 arena
631 1114 778 1157 durior

220 1191 428 1232 Prenatat
461 1190 608 1243 preter
640 1187 737 1229 fluit

224 1262 456 1304 Precamur
488 1259 715 1302 humiliter

223 1335 375 1376 Presto
409 1331 562 1375 melior
595 1347 689 1373 sum

168 1418 198 1444 15
219 1407 462 1448 Preuentus
538 1406 882 1459 praeoccupatus
956 1418 1083 1446 occu—

279 1481 408 1534 patus

222 1549 449 1605 Prepetior
483 1549 677 1591 sustineo

225 1621 517 1665 Preiudicium
544 1620 766 1663 damnatio
794 1620 993 1675 iniquum
1020 1620 1081 1661 iu-

282 1695 442 1737 dicium

224 1768 456 1809 Precessor
488 1768 589 1808 ante
622 1779 768 1807 cessor

226 1838 518 1881 Prefectorius
552 1837 626 1893 qui
658 1840 832 1893 praeest
865 1837 963 1879 urbi

174 1924 207 1948 ²0
226 1912 330 1953 Pres
384 1910 530 1966 predis
584 1910 814 1952 fideiussor
866 1907 1084 1964 possessio

285 1983 356 2024 uel
390 1983 465 2037 qui
496 1982 631 2025 habet
664 1982 813 2037 predia

227 2055 452 2098 Pretorius
486 2055 560 2110 qui
591 2056 738 2110 preest
770 2053 1013 2110 inpretorio

226 2125 512 2182 Precipitium
546 2126 671 2168 ruina

226 2198 448 2241 Prefixuni
481 2201 581 2240 ante
615 2198 907 2240 constitutum

230 2270 429 2312 Priuabit
462 2270 622 2325 eripuit

176 2356 209 2382 :¹5
230 2342 462 2385 Probabile
495 2342 678 2384 honeste
712 2341 973 2384 conueniens

232 2414 500 2470 Propriatim
533 2413 794 2470 singillatim

233 2488 451 2542 Prorogat
483 2485 704 2542 protrahit
736 2485 1033 2541 procrastinat

234 2559 490 2601 Proselenos
524 2560 624 2599 ante
655 2557 805 2599 lunam
838 2560 966 2599 natos

232 2629 489 2686 Prosubigit
521 2629 633 2672 fodit

183 2716 217 2740 30
235 2702 470 2745 Proscenia
501 2701 672 2757 pulpita

234 2774 503 2829 Proruptum
535 2773 669 2816 effuse
701 2774 840 2815 fluens

235 2846 404 2888 Procax
435 2848 566 2900 petax

237 2917 466 2960 Prolubies
499 2917 639 2959 sordis
674 2916 825 2959 effusio

238 2989 426 3030 Prodere
458 2989 718 3044 protendere
756 3001 998 3043 propagare
1031 2986 1098 3028 de-

300 3060 440 3115 cipere

187 3144 220 3170 35
242 3132 497 3173 Promereor
529 3134 701 3187 prester
733 3131 841 3173 bene
875 3144 957 3186 ago

613 138 873 175 EXCERPTA
898 137 964 172 EX
990 135 1162 172 CODICE
1190 133 1474 170 CASSINENSI
1501 137 1568 168 402

1114 245 1200 287 Pro
1241 243 1498 286 aduerbium
1534 241 1764 285 irascentis
1802 242 1873 284 uel
1906 256 1973 284 ex-

1174 316 1402 360 clamantis

1116 389 1361 432 Procumbo
1394 387 1558 431 inclino
1590 388 1661 429 uel
1694 387 1814 429 iaceo

1114 485 1242 543 Quali
1273 500 1351 541 per
1383 499 1492 540 quos
1525 484 1677 526 uinum
1710 482 1861 525 defluit

1114 557 1302 608 Quoruit
1333 558 1541 613 properat
1571 555 1755 597 festinat

1115 630 1397 681 Quorundam
1431 628 1679 684 aliquorum

1117 703 1212 753 Quo
1229 701 1423 744 ‘numine
1457 716 1542 756 qua
1573 688 1799 755 potestate*

1117 775 1212 825 Quo
1244 776 1374 829 pacto
1408 788 1493 828 qua
1525 771 1695 814 ratione

1117 848 1212 897 Quo
1246 845 1456 888 libamine
1489 859 1574 900 qua
1606 843 1812 886 unctione

1117 918 1324 969 Quurulis
1345 918 1454 960 sella
1481 916 1589 958 sella
1609 915 1802 958 consulis
1827 915 1873 957 in
1894 930 1979 970 qua

1175 990 1405 1046 purpurati
1440 989 1590 1031 sedent

1994 635 2031 661 40

1115 1086 1314 1142 Rapidus
1347 1085 1476 1127 uelox
1998 1090 2034 1116 4⁵

1120 1158 1253 1201 Radit
1286 1159 1406 1200 secat

1120 1230 1343 1272 Ranarum
1377 1244 1484 1271 coax

1121 1302 1360 1345 Radicatur
1393 1302 1594 1342 firmatur

1121 1374 1253 1430 Repit
1286 1376 1484 1415 uentrem
1517 1375 1758 1428 perterram
1792 1373 1899 1414 trait

1124 1446 1374 1502 Respondet
1408 1445 1626 1487 consentit

1123 1519 1339 1575 Relegens
1373 1517 1636 1573 renauigans

1124 1589 1380 1634 Recidiuiua
1414 1589 1620 1630 restituta

2003 1451 2039 1477 50

1126 1664 1333 1705 Retracto
1366 1664 1515 1716 repeto
1549 1661 1728 1703 reuoluo

1124 1735 1289 1777 Reseco
1323 1733 1499 1775 abscido

1123 1807 1294 1862 Reparo
1329 1808 1528 1848 restauro

1126 1877 1480 1934 Redintegranda
1519 1877 1564 1918 in
1602 1877 1824 1934 integrum
1865 1876 1987 1918 resti-

1185 1950 1346 1992 tuenda

1126 2023 1258 2065 Recte
1273 2021 1497 2064 deriuatur
1509 2037 1533 2064 a
1545 2021 1635 2063 ritu
1646 2021 1759 2063 idest
1774 2035 1868 2074 mos
1885 2020 1988 2076 quia

1184 2094 1319 2137 nichil
1353 2094 1511 2136 ritibus
1537 2093 1725 2135 traditur
1755 2092 1840 2135 nisi
1869 2092 1981 2148 quod

1186 2168 1353 2208 rectum
1387 2166 1578 2208 creditur

1128 2238 1318 2295 Regredi
1356 2237 1468 2280 unde
1508 2237 1677 2280 ueneris
1717 2236 1877 2278 iterata
1917 2235 1990 2277 uia

1190 2309 1350 2352 reuerti

2007 1812 2041 1838 55

1132 2406 1241 2450 Salii
1263 2407 1337 2462 qui
1358 2406 1472 2449 circa
1493 2420 1590 2448 aras
1611 2404 1828 2447 saliebant
1855 2403 1992 2458 tripu-

1192 2479 1362 2521 diantes

1134 2550 1249 2593 Satis
1284 2550 1472 2592 multum

1134 2622 1334 2665 Sacraria
1365 2621 1440 2663 ubi
1473 2623 1694 2677 ponuntur
1727 2633 1850 2661 sacra

1136 2694 1271 2738 Satiri
1298 2694 1502 2736 dicuntur
1528 2691 1683 2734 fatasie
1710 2705 1760 2732 eo
1788 2689 1901 2745 quod
1931 2703 1994 2730 sa-

1195 2769 1317 2823 turos
1349 2765 1548 2808 homines
1581 2763 1832 2820 opprimant

1137 2838 1282 2882 Setius
1316 2837 1492 2894 segnius

1138 2910 1323 2953 Securus
1350 2909 1511 2951 amoris
1533 2908 1810 2962 contemptor
1834 2903 1996 2945 amoris

1138 2982 1340 3025 Seculum
1390 2982 1513 3023 iuxta
1564 2979 1672 3022 alios
1718 2989 1814 3020 XXX
1859 2989 1995 3017 annos
2017 2985 2052 3011 65

1196 3055 1331 3096 habet
1363 3053 1437 3096 alii
1470 3051 1626 3093 uolunt
1658 3051 1832 3092 centum
1858 3059 1889 3088 X
1923 3045 1997 3088 alii

1199 3125 1316 3167 mille

2013 2555 2048 2580 60
