2257 3490
737 135 1008 171 GLOSSARIV
1009 136 1047 170 M
1074 136 1217 172 AMPL.
1246 136 1511 172 SECVNDVM
1914 139 2000 180 309

245 246 386 288 Lucar
413 247 582 302 ergatio
611 261 692 301 que
721 246 921 288 solebant
945 246 1102 289 inlucis
1141 246 1415 290 Maculosum
1447 248 1564 289 notis
1597 247 1797 302 plurimis
1829 249 1999 291 uarium

302 317 397 359 fieri

241 387 533 432 Luculentum
566 391 842 446 splendidum

240 460 406 503 Luscus
439 478 573 504 unum
607 463 780 504 oculum
815 463 980 504 habens

240 532 526 575 Lucustinum
555 535 669 589 quod
696 535 856 576 dicitur
885 534 1099 575 bruchum

204 603 500 660 5Lupercalia
541 621 663 648 sacra
701 606 826 661 panis
866 606 967 660 quia
1006 606 1098 660 ipse

299 677 460 718 dicitur
491 678 659 720 dedisse
692 693 901 732 responsa
933 680 982 718 ut
1016 677 1099 719 coi—

298 750 396 789 rent
427 748 519 803 lupi
551 751 594 789 et
627 748 736 790 irchi

237 818 436 862 Lunatici
478 820 592 875 quod
637 821 688 862 fit
732 820 971 876 plenilunio
1014 820 1097 863 hoc

296 892 473 946 plenum
507 892 666 934 dicitur

236 963 441 1018 Lupanar
474 965 607 1006 statio
641 964 884 1007 meretricis

235 1035 347 1077 Lues
380 1036 516 1090 pestis
551 1037 729 1078 morbus

236 1106 440 1164 Lucifugi
474 1107 548 1163 qui
580 1109 813 1151 tenebrosa
847 1110 992 1165 diligit

184 1192 214 1216 ιο
234 1179 457 1222 Lutiscem
489 1180 712 1223 theatrum
852 1197 880 1238 g

236 1250 427 1305 Lupinar
457 1251 534 1293 ubi
561 1254 812 1296 meretrices
838 1254 1095 1296 habitantur

234 1322 394 1364 Lustro
428 1323 728 1380 circumspitio

233 1394 478 1437 Lucunaria
509 1398 676 1438 tectum
709 1398 966 1441 deauratum

233 1466 375 1509 Lucar
407 1471 591 1510 uenator
624 1484 781 1512 auarus

181 1551 212 1576 15
237 1539 534 1582 Lucubrantes
566 1541 804 1597 uigilantes

231 1611 433 1655 Lucubro
468 1613 630 1669 euigilo

232 1827 380 1870 Manet
425 1830 514 1871 alta
565 1833 708 1873 mente
754 1832 869 1873 iutra
917 1848 1092 1875 sensum

292 1900 466 1955 penitus
500 1902 776 1945 conlocatum

231 1972 392 2014 Manna
426 1974 529 2028 quid
564 1978 630 2016 est
662 1975 745 2017 hoc

230 2043 492 2101 Martyrium
526 2047 829 2090 testimonium

89 2128 223 2164 fol.27u
236 2116 372 2160 Maris
405 2118 621 2161 masculus

175 2201 207 2225 21
229 2189 438 2232 Manubia
470 2189 666 2232 hostium
700 2192 840 2247 spolia

229 2261 345 2303 Mala
376 2277 507 2317 poma

228 2333 484 2376 Mandibula
517 2337 619 2390 apta
654 2336 706 2377 ad
742 2338 1090 2381 manducandum

228 2405 414 2448 Mathsis
448 2406 646 2450 doctrine
680 2409 772 2452 siue
804 2409 873 2452 lex

176 2489 209 2515 25
228 2477 390 2521 Macies
424 2479 595 2521 exilitas
629 2481 823 2536 corporis

227 2550 424 2593 Manatia
457 2552 637 2594 fluentia

227 2622 447 2665 Marcidus
479 2624 622 2666 lassus
655 2629 864 2681 grauatus

228 2694 421 2750 Mapalia
442 2696 670 2751 decerpere
689 2712 789 2739 casa
810 2697 1088 2756 pastoralis¹)

227 2765 515 2809 Manticulare
547 2768 747 2810 fraudare
756 2768 791 2825 2)

176 2848 210 2873 30
229 2838 500 2881 Marasmum
521 2840 688 2882 corium
715 2841 894 2883 adheret
916 2842 1087 2886 ossibus

227 2910 444 2953 Maturius
478 2912 607 2954 citius
640 2913 833 2955 uelocius

228 2982 422 3038 Magalia
454 2998 553 3024 casa
584 2984 871 3027 barbarorum

1139 318 1376 361 Madedade
1409 334 1611 374 asperum
1643 320 1875 376 unguenda

1139 390 1313 432 Madere
1346 389 1524 432 humida
1556 391 1652 433 loca
1685 392 1896 448 sanguine
2019 405 2053 430 35

1139 461 1362 517 Malagma
1394 463 1638 504 emendatio

1137 532 1347 574 Manubla
1378 533 1554 575 iteratio
1588 534 1812 577 doctrinae

1137 604 1297 646 Manua
1329 604 1552 659 manipula

1136 676 1319 718 Mandra
1352 691 1380 732 g
1414 676 1538 718 caula
1574 677 1723 719 ouium

1136 748 1359 789 Madentia
1390 747 1571 789 fluentia
2017 764 2052 788 40

1135 819 1412 874 Mancipatus
1444 819 1619 861 uinctus

1135 891 1308 948 Megica
1339 906 1409 933 ars
1443 906 1674 947 magorum

1134 964 1272 1005 Malas

1134 1035 1384 1091 Manipulus
1418 1035 1608 1078 directus
1634 1037 1704 1078 uel
1731 1052 1894 1092 paucus
1921 1054 1996 1080 nu-

1196 1122 1340 1149 merus
1392 1108 1461 1149 uel
1514 1109 1739 1163 operarius
1790 1125 1996 1152 numerus

1195 1179 1387 1221 militum
1431 1180 1577 1222 breuis
1622 1181 1733 1223 unde
1776 1185 1819 1223 et
1864 1183 1996 1224 mani-

1194 1252 1286 1307 puli
1326 1251 1430 1294 dicti
1469 1255 1572 1294 sunt
1612 1253 1727 1296 faces
1767 1268 1995 1310 grecorum

1195 1338 1303 1379 quos
1337 1339 1468 1366 manu
1501 1324 1730 1380 capiantur

1133 1396 1284 1438 Manes
1317 1396 1447 1439 inferi
2015 1412 2049 1438 45

1132 1468 1275 1511 Maret
1308 1469 1427 1511 dolet

1133 1540 1406 1595 Marsupium
1425 1542 1646 1584 sacculum
1667 1542 1742 1584 ubi
1761 1543 1996 1598 peccuniae

1193 1612 1431 1655 mittuntur

1131 1684 1227 1726 Mas
1260 1686 1481 1729 masculus

1130 1757 1382 1800 Mansueuit
1403 1759 1476 1814 qui
1499 1761 1736 1815 qansuetus
1765 1759 1906 1802 factus
1928 1763 1994 1802 est

1132 1829 1423 1872 Mansuefacit
1456 1831 1783 1887 quimansuetat
2013 1845 2048 1871 50

1132 1902 1381 1957 Mancipare
1417 1903 1541 1958 quasi
1575 1918 1861 1958 manucapere

1132 1974 1334 2016 Manuale
1368 1975 1560 2017 orarium

1133 2046 1300 2088 Marcet
1332 2047 1511 2103 languet

1132 2118 1305 2161 Marcor
1339 2120 1525 2176 languor

1131 2191 1314 2233 Malatia
1345 2206 1374 2247 g
1406 2191 1614 2234 mollities
2011 2207 2046 2232 55

1128 2262 1273 2305 Mailis
1312 2279 1470 2319 parcus
1508 2264 1684 2320 pinguis
1718 2266 1832 2320 quod
1868 2266 1990 2308 dehis

1190 2336 1328 2378 maiae
1362 2336 1670 2379 sacrificabant

1130 2408 1346 2464 Magnites
1391 2409 1503 2464 lapis
1550 2409 1624 2463 qui
1668 2408 1832 2451 ferrum
1874 2410 1991 2465 rapit

1189 2481 1264 2523 sed
1301 2483 1532 2536 praesente
1575 2481 1804 2523 adamante
1846 2481 1989 2536 lapide

1187 2568 1275 2595 non
1309 2554 1451 2595 solum
1480 2568 1568 2595 non
1594 2553 1709 2608 rapit
1736 2553 1810 2595 sed
1837 2554 1874 2595 si
1901 2553 1989 2595 iam

1188 2628 1394 2680 rapuerat
1443 2628 1493 2666 ut
1538 2623 1578 2666 ei
1627 2625 1988 2681 adpropinquarit

1188 2712 1288 2739 mox
1320 2697 1510 2739 remittit

1127 2769 1320 2824 Magalia
1364 2784 1488 2812 casae
1535 2769 1704 2811 aforum
1749 2768 1862 2810 idest
1902 2783 1986 2811 ser-

1185 2857 1340 2883 uorum

1126 2913 1275 2955 Madet
1307 2914 1444 2955 undat
1476 2913 1676 2954 humidat

1126 2985 1373 3043 Manuelem
1407 2985 1658 3040 analogium
1692 2999 1720 3040 g
1752 2985 1967 3027 lectorum
2005 2998 2040 3024 60

326 3138 362 3182 1)
388 3149 406 3170 r
425 3148 497 3182 pro
522 3137 537 3173 l
561 3148 654 3173 corr.
680 3149 726 3173 m.
741 3142 760 3173 1
788 3140 800 3185 ΙΙ
826 3141 862 3185 2)
888 3150 906 3173 r
925 3144 1010 3185 post
1035 3140 1053 3174 f
1074 3150 1251 3186 superscr.
1279 3151 1324 3174 m.
1341 3142 1361 3174 1
1382 3140 1394 3184 ΙΙ
