2216 3402
264 159 348 202 162

262 272 373 313 Acet
406 275 475 314 ast
505 285 608 313 uero

256 331 416 386 'Aciare
449 343 611 384 ferrum
623 341 656 399 1)
690 341 842 383 darum

259 414 453 456 Acidiari
486 413 704 470 indignari

258 486 485 528 Acidiatur
518 488 786 528 stomacatur

222 570 238 596 5
259 558 387 600 Acies
437 558 563 613 plura
615 557 834 614 significat
884 558 960 598 aut
1003 555 1117 597 enim

318 630 543 672 oculorum
575 633 642 672 est
673 632 724 671 ut
754 625 882 685 huc2)
923 627 1116 684 geminas

315 718 430 745 nunc
468 703 591 745 flecte
634 700 748 744 acies
788 703 863 742 aut
902 699 1116 742 exercitus

315 778 365 816 ut
396 774 498 817 hinc
537 775 650 817 acies
691 776 819 828 atque
858 772 959 814 hinc
1002 771 1115 814 acies

317 850 433 889 stare
478 846 638 888 latinas
678 847 753 887 aut
797 844 902 886 ferri
938 846 989 886 ut
1027 846 1115 886 stat

315 918 420 961 ferri
446 919 559 965 acies
587 932 792 960 mucrone
820 930 999 958 corusco
1036 914 1112 972 (Bc)

256 991 488 1048 Accingier
519 991 719 1033 accedere

255 1063 490 1120 Accingier
522 1062 691 1119 accingi
724 1061 766 1103 id
800 1062 867 1103 est
899 1059 1077 1115 adgredi

253 1135 487 1192 Accingier
519 1134 688 1190 accingi
720 1131 867 1188 parari

255 1208 457 1251 Accisam
490 1205 789 1249 circumcisam

201 1292 234 1316 10
253 1279 446 1322 Accissis
480 1277 750 1333 consumptis
785 1275 1052 1318 circumcisis

254 1352 436 1394 Accisus
470 1350 748 1393 circumcisus

254 1424 429 1467 Accitat
461 1438 561 1478 sepe
595 1421 689 1478 agit

252 1497 387 1540 Aclus
419 1499 621 1538 tucorum
647 1493 798 1549 lingua
823 1491 968 1536 iunius
995 1506 1109 1533 men-

313 1568 373 1611 sis
405 1567 565 1611 dicitur
597 1564 673 1623 (R)

253 1640 527 1684 Acnonintus
562 1637 636 1694 qui
673 1637 785 1679 nulli
816 1635 1110 1678 communicat

199 1723 232 1749 15
252 1712 412 1756 Accole
444 1710 579 1754 uicini
611 1709 811 1752 conciues
844 1707 1079 1750 aduenticii

251 1785 441 1829 Aconita
465 1785 682 1826 uenenata

251 1857 420 1914 Acpadi
450 1856 713 1899 hebreorum
744 1854 896 1909 lingua
933 1852 1109 1894 nobem-

310 1929 388 1971 ber
420 1928 582 1971 mensis
614 1926 773 1969 dicitur
805 1921 964 1982 (Vim.)

251 2001 539 2043 Achratofors
571 2014 649 2041 uas
675 1997 895 2040 uinarium

251 2073 505 2115 Acrimonia
536 2071 698 2126 seuicia

198 2156 232 2181 20
251 2144 546 2187 Acrimoniosi
579 2141 805 2185 saeuitiosi

251 2217 489 2258 Acromata
520 2214 789 2258 scenicorum
823 2211 1013 2255 carmina

251 2287 487 2330 Actuarius
521 2289 621 2329 actu
654 2286 728 2341 qui
759 2284 864 2326 fecit

251 2359 486 2402 Actuarius
521 2359 707 2414 scriptor
739 2355 939 2412 publicus

250 2431 462 2474 Acturam
487 2430 653 2487 pariter
678 2429 834 2485 planus
863 2427 955 2469 sine
988 2441 1109 2468 mora

198 2514 232 2540 25
254 2503 425 2546 Acuant
457 2502 706 2545 acuminent

252 2575 446 2618 Acucula
479 2574 679 2616 exsilium

720 157 976 194 EXCERPTA
1002 156 1068 192 EX
1092 156 1237 193 LIBRO
1265 153 1557 193 GLOSSARVM

1158 269 1191 309 A
1200 268 1370 310 culeum
1400 270 1628 322 peccatum

1091 395 1099 404 ἱ
1156 340 1376 382 Adamans
1408 339 1520 395 lapis
1548 339 1679 382 durus
1708 339 1782 395 qui
1808 339 1923 383 ferro
1955 340 2015 382 di-

1215 412 1306 453 uidi
1349 426 1437 454 non
1481 414 1629 466 potest
1671 411 1757 454 nisi
1804 412 2014 469 sanguine

1214 484 1384 526 hircino
1418 483 1554 525 diuidi

1157 556 1276 598 Adar
1297 570 1497 611 syrorum
1517 555 1670 612 lingua
1688 556 1876 599 marcius
1900 571 2014 599 men-

1216 627 1275 669 sis
1309 627 1468 670 dicitur
1501 627 1578 684 (R)

1155 698 1364 741 Adarzios
1407 699 1670 742 hebreorum
1712 700 1865 756 lingua
1904 715 2014 743 mar-
2033 715 2068 741 30

1213 772 1300 814 tius
1334 772 1496 814 mensis
1529 772 1688 814 dicitur
1719 770 1798 829 (R)

1156 844 1572 887 Adcommodantius
1605 844 1756 886 utilius

1153 916 1275 958 Adeo
1308 915 1529 958 inuisibile
1561 917 1706 959 locum
1738 916 1821 958 hoc
1853 919 1920 959 est
1951 917 2013 959 in-

1211 988 1383 1048 fernum

1153 1059 1350 1102 Adflarat
1384 1059 1686 1115 adspirauerat

1154 1131 1381 1174 Adfulauit
1413 1132 1571 1173 leuiter
1603 1131 1753 1188 tetigit

1149 1203 1417 1260 Adgreditur
1448 1204 1651 1246 iracunde
1685 1203 1935 1259 adloquitur

1149 1275 1373 1331 Adgressa
1405 1275 1612 1318 insidiose
1645 1275 1849 1318 adlocuta

1148 1348 1399 1404 Adigebant
1432 1348 1689 1404 cogitabant

1149 1420 1339 1462 Adineos
1356 1419 1673 1462 machedonum
1693 1419 1844 1476 lingua
1863 1420 2007 1463 ianua-

1207 1492 1297 1534 rius
1330 1490 1491 1534 mensis
1524 1491 1684 1533 dicitur
1716 1489 1794 1549 (Bc)

1147 1563 1260 1607 Adio
1293 1563 1493 1620 ingredio

1150 1636 1335 1691 Adipem
1366 1635 1674 1691 pinguedinem

1149 1707 1407 1750 Adlabimur
1440 1706 1673 1749 deferimur

1148 1780 1407 1822 Adlabimur
1438 1778 1686 1834 nauigando
1720 1779 1988 1822 decurrimus

1147 1852 1368 1894 Adlobrus
1402 1850 1545 1906 gallus
1578 1850 1629 1892 de
1663 1851 1821 1907 gallias

1146 1923 1392 1966 Adluuione
1424 1922 1709 1964 inundatione
1741 1924 1874 1967 sortis

1147 1995 1386 2039 Adluuium
1417 1994 1543 2036 ruina
1575 1994 1769 2049 riparum
1798 2010 1851 2038 ex
1882 2011 1995 2052 aqua
2025 2010 2061 2036 45

1145 2067 1385 2110 Adluuium
1418 2066 1692 2121 consumptio
1724 2066 1919 2122 riparum
1952 2082 2004 2109 ex

1207 2139 1331 2195 aquis

1147 2211 1393 2254 Admorunt
1420 2210 1707 2252 admouerunt
1728 2211 2004 2254 tradiderunt

1147 2282 1442 2325 Adnitendum
1474 2281 1690 2324 attencius
1723 2283 1967 2326 conandum

1151 2354 1326 2397 Adobta
1359 2354 1526 2396 adfiliat

1149 2426 1341 2468 Adobtio
1374 2426 1585 2468 adfiliatio

1147 2497 1395 2540 Adobtiuus
1429 2497 1502 2553 qui
1535 2497 1770 2540 adobtatur
1800 2499 1848 2540 in
1877 2499 1969 2541 filio

1146 2569 1395 2612 Adobtiuus
1428 2570 1525 2612 loco
1557 2570 1638 2612 filii
1668 2572 1868 2625 receptus

2029 1218 2065 1244 35

2027 1650 2063 1675 40

2027 2442 2062 2468 50

349 2719 383 2762 1)
415 2729 433 2750 1·
453 2721 537 2762 post
563 2726 582 2750 e
607 2726 634 2750 s.
661 2725 728 2750 scr.
757 2715 769 2759 11
798 2714 833 2758 2)
858 2712 958 2748 hunc
974 2716 1068 2761 >ante
1093 2723 1164 2747 ras.
1191 2714 1203 2758 11

351 2840 380 2870 1.
408 2836 490 2870 aest
519 2837 532 2879 11
564 2838 595 2869 2.
621 2833 749 2868 Atiare
772 2834 777 2878 1
806 2833 940 2867 durum
970 2833 981 2877 11
1013 2835 1044 2866 3.
1072 2830 1262 2866 Accidiari
1292 2832 1304 2876 11
1335 2834 1367 2865 4.
1395 2830 1613 2865 Accidiatur
1643 2832 1655 2876 11
1687 2833 1719 2866 5.
1745 2829 1872 2877 11111101
1902 2841 2002 2866 nunc

253 2907 297 2929 m.
316 2899 346 2939 1,
378 2895 451 2929 huc
482 2898 566 2930 m.3
599 2895 605 2939 1
638 2893 722 2928 isid.
755 2893 831 2928 cocZ.
869 2896 880 2936 11
920 2895 974 2927 10.
1007 2890 1150 2926 Accisis
1188 2893 1200 2935 11
1239 2894 1293 2925 13.
1326 2892 1499 2925 tucorum
1530 2902 1574 2925 m.
1591 2894 1623 2935 1,
1655 2891 1847 2924 tuscorum
1877 2893 1961 2925 m.3
1995 2890 2000 2937 1

253 2979 282 3011 R
313 2989 377 3013 om.
398 2979 410 3022 11
430 2981 485 3013 19.
514 2976 677 3028 saeuitia
695 2978 708 3022 11
727 2979 782 3011 24.
809 2975 992 3011 Acturum
1009 2976 1022 3020 11
1042 2978 1097 3010 26.
1125 2973 1315 3010 Accucula
1337 2975 1342 3019 1
1365 2973 1519 3009 exilium
1537 2975 1549 3019 11
1569 2977 1625 3009 29.
1654 2957 1769 3018 8571·οῗ
1789 2975 1795 3018 1
1816 2971 1974 3008 martius
2001 2995 2003 3017 3

254 3041 309 3071 31.
336 3036 481 3071 utillius
501 3039 513 3082 11
533 3040 588 3072 34.
615 3035 849 3084 Adf}lauit
866 3038 878 3081 11
904 3039 960 3071 36.
985 3033 1191 3069 insidiosae
1218 3045 1262 3070 ea:
1287 3032 1470 3068 insidiosa
1494 3034 1537 3068 in
1561 3033 1666 3069 scr-ib.
1692 3044 1783 3069 corr.
1804 3033 1817 3078 11
1841 3036 1898 3068 44.
1926 3043 2003 3067 sor-

254 3095 311 3130 dis
337 3098 349 3140 11
381 3100 436 3131 45.
462 3095 629 3141 riparum
655 3097 777 3132 littera
804 3107 827 3130 u
853 3107 896 3131 εκ
923 3106 946 3130 a
970 3099 1130 3130 correcta
1155 3095 1196 3129 in
1222 3095 1326 3129 scrib.
1352 3095 1364 3139 11
1390 3097 1446 3128 48.
1475 3091 1657 3128 attentius
1677 3094 1688 3138 11
1713 3096 1769 3128 49.
1797 3091 1967 3137 Adoptat
1990 3092 2002 3139 11

254 3159 309 3190 50.
337 3155 500 3201 Adoptio
525 3157 538 3200 11
558 3159 613 3191 51.
639 3155 851 3200 Adoptiuus
874 3157 879 3200 1
902 3154 1105 3200 adoptatur
1123 3155 1135 3199 11
1160 3157 1216 3189 52.
1243 3152 1454 3198 Adoptiuus
1474 3154 1486 3197 11
