2216 3402
601 138 834 174 PLACIDVS
860 138 1113 174 LIBRORVM
1139 137 1454 174 ROMANORVM
1873 138 1900 178 ἴ)

159 250 290 292 Aiens
324 250 481 292 dicens.
514 251 563 290 ut
595 248 663 290 aio
691 248 753 289 ais
787 247 849 289 ait
880 248 1012 302 parti·
1050 247 1250 303 Abrupta
1278 247 1444 289 sanctio
1472 249 1621 301 aperta
1647 247 1714 287 lex
1735 245 1904 288 dicitur.

217 321 377 376 cipium
409 320 526 361 facit.
1050 319 1160 361 Aere
1195 320 1331 361 uitam
1364 318 1482 360 ducit
1514 333 1563 360 ac
1602 333 1732 359 manu
1763 317 1807 359 id
1840 320 1905 359 est

158 391 309 434 Ancile
336 394 507 433 scutum
534 391 647 446 quod
675 389 778 432 olim
805 390 917 445 apud
944 404 1010 431 ro·
1109 390 1291 444 pecunia
1323 404 1452 431 manu
1485 389 1677 431 collecta.

215 477 365 504 manos
393 462 511 504 caelo
543 462 714 516 lapsum
740 460 897 502 dicitur
929 460 1009 502 sub
1049 461 1206 504 Autrix
1239 461 1292 502 ab
1326 461 1521 516 augendo
1554 460 1670 502 dicta
1701 462 1779 501 est.

213 549 344 575 numa
396 548 496 589 rege
550 547 829 574 romanorum
878 532 1009 573 breue
1050 532 1215 574 Auctor
1248 533 1300 573 ab
1334 531 1596 574 auctoritate
1636 531 1805 587 generis
1838 534 1904 572 est

215 604 388 659 quidem
439 607 482 645 et
532 603 718 658 undique
775 602 1008 644 rotundum
1108 603 1301 645 comunis
1334 606 1383 644 ut
1420 603 1491 644 hic
1523 605 1566 645 et
1601 603 1709 644 haec
1742 604 1902 643 auctor.

212 676 323 718 unde
369 675 514 717 omnia
558 675 726 717 minora
769 677 894 716 scuta
939 689 1009 715 an·
1048 674 1277 716 Aerarium
1328 674 1538 728 templum
1591 673 1666 714 ubi
1722 672 1903 727 pecunia
1924 690 1957 715 25

213 745 312 789 cilia
344 745 556 788 dicuntur.
1107 744 1281 800 publica
1312 745 1499 799 ponitur.

152 817 382 873 Aspellens
416 817 646 872 expellens.
1048 816 1319 859 Altrinsecus
1363 815 1465 857 hinc
1503 818 1546 857 et
1586 815 1683 856 inde
1728 815 1796 856 uel
1837 816 1904 857 de·

153 889 365 932 Amiciter
398 888 697 930 amicabiliter.
1107 903 1236 942 super
1269 887 1382 929 sicut
1422 886 1686 928 extrinsecus
1720 870 1901 928 dici'ffius

116 960 413 1003 5Adsulentes
447 959 709 1001 adsilientes.
1107 959 1160 1001 ab
1204 973 1253 1000 eo
1297 958 1411 1014 quod
1452 957 1717 998 extrinsecus
1760 960 1803 998 et
1844 958 1903 998 in-

152 1032 395 1087 Accipitres
428 1046 562 1086 equos
596 1031 792 1073 caeleres.
1107 1030 1320 1072 trinsecus
1354 1029 1407 1071 ab
1441 1043 1490 1070 eo
1524 1028 1638 1083 quod
1677 1031 1742 1069 est
1774 1028 1903 1070 intus.

153 1104 380 1145 Abdomen
410 1102 627 1158 pinguedo
661 1102 866 1144 carnium.
1046 1102 1240 1144 Alternis
1274 1101 1469 1155 utrisque
1501 1099 1602 1141 hinc
1629 1102 1672 1140 et
1703 1099 1800 1141 inde
1833 1100 1901 1141 uel

151 1175 246 1217 Aeu
279 1176 346 1216 est
377 1173 631 1216 interiectio.
1105 1189 1155 1214 ex
1189 1172 1385 1227 utrisque
1417 1171 1598 1213 uicibus.

153 1247 318 1287 Amoue
350 1259 536 1287 remoue.
1047 1245 1310 1287 Absolutum
1325 1244 1484 1285 bonum
1513 1243 1625 1284 idest
1651 1242 1900 1297 perfectum.

97 1329 130 1353 10
149 1316 331 1358 Artemo
365 1319 492 1357 temo.
1045 1317 1212 1358 Artaba
1233 1329 1368 1371 genus
1387 1328 1612 1356 mensurae
1628 1328 1727 1368 syra
1741 1314 1901 1370 lingua.

149 1387 464 1443 Aristophanes
497 1401 655 1429 nomen
687 1390 852 1442 poetae.
1044 1387 1252 1429 Antelata
1285 1389 1384 1428 ante
1417 1387 1592 1440 portata
1624 1385 1691 1426 uel
1730 1386 1902 1440 prolata
1922 1402 1956 1426 30

148 1459 376 1501 Antistant
408 1458 609 1500 meliores
643 1462 755 1499 sunt.
1104 1461 1179 1500 aut
1211 1457 1337 1499 dicta.

148 1530 453 1585 Adstipulator
484 1529 735 1585 promissor.
1044 1530 1268 1585 Arrogant
1301 1530 1472 1571 addant.

150 1601 414 1644 Alliciendos
447 1600 701 1643 inliciendos
732 1602 802 1643 uel
834 1616 1005 1656 persua·
1043 1602 1276 1657 Abrogant
1309 1600 1541 1642 detrahant
1579 1599 1648 1640 uel
1687 1599 1900 1642 dedicunt.

208 1673 380 1715 dendos.
1044 1673 1146 1715 Ales
1192 1672 1346 1727 aquila.
1409 1671 1482 1712 sed
1524 1673 1567 1712 et
1609 1685 1756 1712 omnes
1799 1686 1900 1712 aues

96 1756 128 1781 15
150 1744 393 1786 Amandata
428 1746 548 1785 extra
586 1743 800 1785 mandata.
860 1758 1002 1785 aman·
1101 1746 1284 1799 possunt
1316 1742 1399 1785 dici
1434 1742 1533 1784 ales.

207 1815 299 1857 dari
356 1814 471 1856 enim
521 1817 643 1856 extra
694 1815 888 1856 mandari
937 1818 1003 1857 est
1041 1815 1178 1858 Abuti
1200 1816 1304 1857 duas
1326 1830 1393 1857 res
1415 1814 1634 1870 significat
1655 1814 1782 1855 modo
1804 1829 1899 1856 con-

207 1887 319 1942 quod
363 1885 536 1941 proprie
581 1886 634 1927 ad
677 1886 897 1928 hominem
943 1901 1003 1927 re·
1101 1890 1291 1929 temnere
1325 1889 1368 1928 et
1399 1901 1488 1928 non
1514 1885 1578 1926 uti
1612 1885 1739 1927 modo
1773 1885 1897 1927 ualde

205 1958 342 2000 fertur
373 1960 422 1998 ut
454 1957 491 1998 si
524 1957 620 2012 quis
653 1957 818 2013 releget
851 1960 926 1999 aut
959 1958 1002 1998 in
1101 1962 1144 2000 et
1178 1959 1284 2000 satis
1318 1957 1508 2012 aliquam
1541 1971 1631 1998 rem
1664 1956 1740 1997 uti.

205 2029 444 2085 longinqua
475 2028 750 2070 transmittit.
882 2053 885 2055 ·
1041 2030 1212 2072 Adiuua
1244 2043 1312 2070 me
1345 2028 1502 2070 adiuua
1526 2027 1635 2069 mihi
1666 2030 1897 2082 utrumque
1919 2043 1953 2068 35

146 2099 387 2142 Abtissime
430 2114 513 2154 quo
554 2113 643 2140 non
683 2099 740 2141 sit
782 2099 1000 2140 artissime
1098 2103 1245 2157 potest
1295 2100 1379 2142 dici
1428 2099 1582 2141 melius
1627 2102 1771 2140 tamen
1818 2114 1898 2142 me.

206 2170 442 2227 colligauit.
456 2170 765 2213 commissurae
780 2170 894 2212 enim
906 2184 1002 2212 con·
1100 2173 1256 2214 adiuuo
1285 2171 1398 2213 enim
1417 2170 1543 2212 illum
1563 2170 1744 2212 dicimus
1768 2186 1897 2225 quam

206 2241 450 2284 iunctiones
501 2241 703 2282 dicuntur
753 2242 845 2284 siue
897 2242 1002 2298 liga-
1099 2244 1163 2285 illi
1202 2243 1248 2284 ni
1286 2243 1399 2284 forte
1439 2242 1555 2284 dicas
1594 2241 1751 2283 adiuua
1789 2242 1897 2283 mihi

205 2312 334 2355 mina.
519 2319 529 2330 ⁶
1102 2329 1209 2356 onus
1243 2313 1367 2368 quasi
1398 2314 1544 2355 releua
1576 2313 1684 2354 mihi
1717 2328 1837 2355 onus.

148 2382 484 2426 Auerruncassis
517 2384 745 2426 auellerint
776 2385 846 2426 uel
885 2399 1002 2426 auer-
1042 2386 1156 2427 Ante
1207 2400 1274 2427 me
1318 2384 1434 2440 fugit
1478 2384 1660 2426 dicimus
1704 2400 1791 2427 non
1841 2386 1894 2427 ab

205 2456 352 2497 terint.
1100 2460 1199 2498 ante
1221 2472 1288 2498 me
1308 2471 1410 2498 nam
1429 2456 1694 2510 praepositio
1715 2471 1895 2510 praepo—

148 2527 354 2582 Allegans
387 2526 597 2581 deputans
631 2527 795 2582 eligens
831 2526 901 2567 uel
933 2527 1001 2568 de-
1098 2528 1247 2570 sitioni
1291 2527 1542 2583 adiungitur
1581 2527 1894 2581 imprudenter:

202 2598 366 2653 legans.
1099 2600 1200 2655 quia
1226 2602 1325 2641 ante
1352 2601 1394 2641 et
1421 2599 1474 2639 ab
1508 2600 1608 2640 sunt
1636 2598 1743 2639 duae
1775 2613 1894 2652 prae-

148 2668 391 2723 Anquirens
436 2683 514 2724 pro
557 2669 786 2724 adquirens
831 2669 899 2711 uel
940 2670 1000 2711 in-
1096 2670 1337 2726 positiones
1359 2669 1421 2711 sic
1441 2672 1484 2711 et
1504 2671 1602 2710 ante
1623 2668 1743 2710 uadit
1770 2669 1892 2723 quasi

206 2740 380 2794 quirens
413 2739 566 2795 magis.
1097 2745 1196 2784 ante
1229 2756 1379 2784 cenam
1416 2743 1464 2782 ut
1495 2754 1583 2782 non
1619 2754 1796 2794 possum
1834 2741 1893 2782 di-

91 2825 126 2850 20
144 2810 436 2852 Adsciscenda
467 2811 750 2867 adiungenda.
1099 2828 1191 2855 cere
1232 2813 1278 2854 in
1322 2812 1537 2854 antecedit
1579 2811 1726 2852 inante
1771 2811 1892 2853 uadit

242 2931 271 2962 1.
299 2912 392 2972 fgcit
412 2928 443 2962 b.
479 2927 569 2962 fecit
588 2941 611 2964 a
630 2930 641 2974 n
661 2932 692 2964 2.
720 2940 872 2963 numma
900 2941 924 2964 a
942 2931 953 2975 l}
973 2932 1004 2964 8.
1031 2929 1088 2964 Eu
1108 2930 1154 2965 be
1172 2931 1183 2975 ΙΙ
1206 2932 1258 2965 11,
1286 2928 1555 2974 Aristophones
1576 2940 1600 2963 α
1617 2929 1629 2973 ΙΙ
1651 2931 1704 2964 14.
1731 2927 1890 2964 illicien-

145 2987 212 3021 dos
227 2998 244 3022 c
263 2989 274 3031 ss
294 2990 349 3022 16,
372 2986 620 3022 coniectiones
635 3000 659 3023 a
672 2988 683 3032 1}
699 2991 752 3023 17.
773 2988 1074 3024 Auerrumcassis
1090 2990 1108 3024 b
1127 2989 1131 3035 Ι
1149 2988 1348 3022 auerterim
1364 2990 1383 3023 b
1422 2991 1476 3022 24.
1493 2989 1643 3022 auctate
1658 3000 1681 3022 a
1719 2992 1774 3023 26.
1791 2989 1890 3033 quod

146 3047 204 3080 est
229 3047 335 3084 extra
361 3056 451 3081 corr.
479 3045 618 3090 (321127.
645 3047 809 3082 Alterius
836 3050 964 3093 a1129.
991 3049 1107 3082 Artaa
1135 3059 1183 3082 ac
1202 3049 1214 3092 Η
1233 3050 1287 3082 36.
1316 3047 1374 3080 An
1399 3057 1456 3081 me
1484 3047 1529 3082 οἱ.
1556 3047 1589 3081 Α
1608 3058 1667 3081 me
1693 3048 1728 3083 ε’Ξ
1751 3049 1755 3092 Ι
1779 3059 1827 3082 an
1853 3050 1890 3083 et

146 3105 193 3140 ab
209 3117 258 3141 ac
281 3106 285 3151 Ι
308 3116 437 3140 cenam
451 3105 509 3151 ut]
531 3105 555 3140 f.
572 3106 671 3141 cedit
685 3108 723 3142 et
737 3118 763 3142 s.
779 3108 821 3141 in
837 3119 949 3154 υκαι-9.
966 3107 1004 3142 122
1027 3110 1031 3151 Ι
1053 3106 1093 3140 id
1107 3108 1164 3142 est
1177 3105 1305 3141 inante
1320 3105 1427 3141 uadit
1444 3107 1464 3141 b
1487 3108 1491 3150 Ι
1513 3105 1622 3151 fugit.
1649 3107 1708 3142 Ah
1722 3118 1812 3143 corr.
1828 3108 1865 3143 b*3
1880 3108 1890 3153 ³}
