2216 3402
689 115 924 150 PLAOIDVS
950 115 1080 149 LIBRI
1108 115 1400 151 GLOSSARVM
1856 117 1912 158 65

158 223 457 278 Epygramma
489 224 745 265 adbreuiata
777 223 994 277 scriptura
1055 224 1359 280 Ergasterium
1405 238 1559 279 grecus
1605 239 1747 267 sermo
1787 240 1832 267 es
1871 226 1912 267 id

156 294 458 350 Epygramma
489 295 756 351 epytaphion
782 294 942 336 dicitur
974 294 1016 335 id
1116 299 1182 337 est
1215 296 1461 351 operarium
1498 296 1574 337 ubi
1607 311 1715 350 opus
1754 297 1805 337 fit
1843 297 1912 338 uel

217 368 283 407 est
315 381 446 421 super
479 367 757 422 sepulchrum
789 380 941 407 uersus
1115 370 1296 408 tauerna
1316 368 1390 409 ubi
1418 367 1601 410 alicuius
1630 368 1771 422 operis
1799 384 1914 409 exer-

155 437 399 492 Epymem'a
449 438 577 480 xenia
627 453 708 493 que.
759 438 887 479 datur
939 452 1017 492 per
1114 439 1187 480 citi
1222 443 1460 494 ageruntur

216 509 413 564 singulos
447 524 616 551 menses
1053 509 1292 565 Ergastula
1331 526 1502 566 quoque
1542 515 1585 553 et
1622 512 1718 566 ipsa
1756 526 1911 568 agreco

154 580 361 636 Epyppia
395 595 564 622 maccos
603 595 814 635 equorum
850 578 918 636 (de
938 577 1015 636 91.)
1114 582 1327 623 uocabulo
1364 586 1640 638 nuncupatur
1677 584 1753 625 ubi
1786 584 1913 638 depu-

118 668 134 693 5
154 651 375 706 Epypicra
406 652 629 705 prelucida
1080 643 1085 648 ’
1113 655 1264 694 tantur
1295 654 1414 695 noxii
1447 655 1499 695 ad
1533 656 1678 709 aliquo
1713 670 1821 710 opus
1854 655 1912 696 fa-

153 723 347 778 Epyteta
379 726 481 765 sunt
512 738 622 779 quae
660 723 912 764 nominibus
945 738 1015 778 ap—
1114 724 1313 766 ciendum
1338 728 1387 765 ut
1415 726 1556 767 solent
1583 726 1848 781 gladiatores
1871 729 1913 767 et

213 798 435 850 ponuntur
466 798 533 836 est
571 797 717 836 autem
756 809 932 851 grecum
965 798 1014 836 ut
1113 797 1281 838 exsules
1320 797 1394 852 qui
1433 812 1651 839 marmora
1689 801 1838 840 secant
1870 802 1912 839 et

212 869 320 921 puta
346 881 530 922 magnus
557 867 690 908 homo
711 867 852 908 dictus
875 866 1014 921 philo-
1112 871 1259 909 tamen
1284 868 1560 910 uinculorum
1581 870 1791 911 custodiis
1822 870 1913 911 alli-

214 938 376 993 sophus
408 952 591 994 magnus
621 941 664 980 et
690 939 844 980 doctus
871 941 914 979 et
940 953 1014 993 py-
1112 940 1204 995 gati
1238 943 1340 981 sunt
1373 938 1515 996 (Isid.)

212 1013 306 1052 teta
337 1013 439 1052 sunt
1052 1011 1173 1068 Ergo
1206 1026 1337 1053 causa
1369 1012 1438 1053 1101
1472 1027 1605 1067 opera
1933 1027 1967 1051 20

152 1081 472 1136 Epytimiticon
504 1082 841 1137 concupiscibile
1050 1083 1226 1125 Eritum
1258 1083 1482 1125 dominum

151 1152 464 1208 Epopulariter
496 1154 634 1196 iactas
661 1157 705 1195 et
731 1157 774 1196 te
801 1155 914 1209 apud
940 1169 1013 1209 po-
1050 1155 1201 1211 Erugo
1240 1156 1399 1197 uitium
1439 1156 1619 1197 erodens
1661 1155 1825 1198 ferrum
1859 1157 1911 1197 ab

211 1225 364 1280 pulum
395 1226 465 1267 uel
498 1240 618 1268 more
650 1226 860 1281 populum
893 1240 1013 1268 more
1112 1227 1326 1269 erodendo
1361 1227 1479 1269 dicta
1512 1226 1577 1282 (cle
1605 1226 1680 1284 ql.)

213 1297 350 1338 iactas
1052 1297 1252 1340 Erutudo
1287 1299 1528 1341 dominatio

154 1367 300 1422 Eques
322 1371 365 1410 et
385 1372 585 1423 equester
610 1385 744 1410 unum
766 1372 832 1411 est
859 1368 926 1426 (de
937 1368 1012 1426 yl.)
1051 1369 1176 1412 Escit
1210 1370 1292 1412 erit

99 1460 131 1484 10
152 1439 303 1494 Equus
336 1440 383 1482 in
415 1442 554 1483 tutela
585 1444 827 1496 neptunum
865 1441 1012 1483 inuen-
1049 1440 1256 1483 Essentia
1290 1441 1405 1484 dicta
1438 1443 1492 1484 ab
1520 1458 1569 1484 eo
1598 1444 1710 1497 quod
1744 1446 1811 1485 est
1838 1444 1912 1485 311-
1933 1457 1966 1482 25

211 1512 372 1554 torium
406 1516 473 1555 est
506 1512 572 1569 (cle
598 1513 674 1567 ql.)
1111 1513 1206 1568 quit
1249 1517 1298 1555 ut
1344 1514 1380 1555 si
1419 1514 1535 1556 dicas
1582 1515 1831 1557 substantia
1869 1519 1912 1557 et

150 1583 285 1640 Eram
318 1585 537 1626 dominam
570 1583 733 1642 (Viry.)
1111 1589 1178 1627 est
1211 1586 1383 1642 generis
1418 1586 1616 1628 feminini

151 1655 238 1698 Ere
265 1671 315 1698 ex
337 1671 468 1698 causa
488 1672 539 1698 ex
565 1657 735 1698 ratione
757 1671 840 1712 que
866 1657 1013 1713 agitur
1050 1657 1158 1699 Este
1200 1658 1459 1713 imperantis
1502 1659 1656 1701 modus
1696 1663 1762 1701 est
1807 1663 1912 1702 tem-

150 1727 322 1770 Erebus
349 1744 427 1784 per
452 1729 480 1770 b
507 1743 593 1770 non
620 1744 698 1783 per
723 1744 751 1769 u
773 1732 839 1770 est
867 1732 1012 1770 autem
1110 1730 1230 1785 poris
1262 1731 1455 1785 presenti
1487 1731 1717 1785 pluraliter
1747 1732 1910 1774 dictum

211 1800 394 1841 maritus
433 1801 555 1842 nocit
594 1803 719 1855 pater
754 1816 835 1855 que
874 1801 1012 1842 furtu-
1049 1801 1205 1859 Estote
1239 1802 1443 1843 similiter
1475 1802 1725 1845 defuturum

211 1886 357 1913 rarum
390 1874 433 1913 et
466 1872 596 1914 sociis
630 1872 805 1914 caheius
1049 1873 1110 1914 Et
1141 1888 1218 1928 per
1249 1873 1396 1915 hostia
1428 1873 1711 1931 lustrarum2)
1743 1891 1820 1930 per
1847 1891 1911 1917 sa-

150 1942 366 1984 Erebrum
398 1944 661 1998 profundum
694 1947 772 1986 aut
805 1944 976 1986 assidue
1112 1945 1324 1987 orificium
1356 1949 1594 2002 purgatum

99 2032 133 2058 15
152 2013 347 2062 Erebum
379 2014 597 2057 infernum
1050 2017 1111 2058 Et
1152 2032 1231 2072 pro
1277 2017 1411 2059 fratre
1455 2019 1603 2073 potior
1645 2019 1828 2060 dicimus
1868 2023 1911 2061 et

149 2086 319 2127 'Erebus
353 2086 475 2129 locus
503 2088 616 2142 apud
642 2087 792 2130 inferti
818 2088 894 2130 ubi
927 2103 1013 2130 sce·
1111 2092 1292 2144 propter
1336 2089 1517 2131 fratrem
1560 2091 1633 2132 sed
1680 2091 1715 2131 si
1760 2092 1911 2133 uolens

209 2158 447 2200 leratorum
489 2159 658 2202 animae
692 2160 1010 2202 concluduntur
1109 2176 1189 2216 pro
1233 2161 1368 2203 fratre
1414 2162 1451 2203 si
1495 2163 1686 2204 inuictus
1731 2167 1912 2218 propter

149 2229 318 2271 Erebus
357 2231 595 2273 inferorum
633 2232 910 2287 profunditas
950 2236 1010 2274 at—
1108 2234 1291 2275 fratrem

213 2316 294 2356 que
328 2317 523 2345 recessus
537 2304 568 2358 ¹)
1047 2305 1279 2347 Euacuans
1291 2305 1542 2348 exinaniens
1559 2322 1716 2348 uacum
1729 2308 1910 2350 reddens
1931 2324 1965 2347 30

247 2409 282 2453 1)
315 2409 430 2452 atque
456 2420 623 2444 recessus
649 2422 693 2445 m.
710 2414 735 2446 2
767 2412 779 2455 ΙΙ
811 2414 848 2449 2)
874 2422 918 2445 ex
943 2410 1150 2445 lustrurum
1175 2422 1267 2446 corr.
1300 2413 1312 2456 ΙΙ

245 2507 277 2539 2.
306 2503 575 2550 ephytaphyon
597 2510 601 2548 1
625 2505 836 2551 sepulcrum
862 2508 873 2551 Η
902 2510 933 2541 3
961 2506 1100 2541 dantur
1124 2508 1188 2551 114.
1215 2518 1365 2542 muccos
1397 2508 1408 2552 ΙΙ
1441 2511 1472 2541 5.
1500 2507 1695 2554 Epypigra
1720 2511 1730 2554 Η
1764 2512 1795 2544 6.
1822 2508 1909 2554 Epi-

149 2564 230 2597 teta
253 2566 256 2607 !
278 2563 536 2609 phylosophus
560 2567 563 2609 Ι
587 2566 625 2600 et
645 2577 712 2601 om.
736 2567 741 2610 Ι
764 2567 918 2611 epyteta
938 2568 949 2611 Η
970 2571 1000 2601 7·.
1028 2566 1270 2612 Epytimicon
1293 2570 1297 2611 Ι
1321 2567 1677 2614 coneup{soibilia
1697 2570 1708 2613 Η
1729 2573 1759 2604 S.
1786 2568 1909 2603 iactas

150 2634 194 2658 ew
219 2622 344 2658 iantas
371 2635 462 2660 corr.
499 2635 502 2668 1
537 2635 639 2659 more
665 2626 782 2661 ultim.
810 2637 876 2662 om.
916 2629 927 2669 Η
967 2630 1021 2662 10.
1048 2626 1150 2671 Equs
1176 2639 1221 2662 m.
1238 2630 1271 2671 1,
1306 2627 1433 2671 Equus
1459 2640 1503 2663 m.
1519 2632 1541 2662 4
1576 2629 1580 2673 ί
1615 2628 1839 2673 neptunium
1866 2641 1910 2664 em

149 2684 357 2728 neptunum
383 2695 474 2720 corr.
504 2687 509 2729 Ι
538 2684 771 2720 inuentorius
797 2698 842 2721 m.
858 2690 891 2730 1,
918 2685 1125 2721 inuentoris
1152 2699 1197 2722 m.
1213 2690 1236 2722 4
1258 2690 1263 2730 1
1296 2688 1354 2721 est
1378 2699 1423 2722 m.
1439 2691 1471 2732 1,
1500 2687 1579 2722 eius
1605 2701 1649 2723 m.
1666 2693 1685 2723 4
1719 2692 1730 2731 Η
1763 2693 1818 2724 13.
1845 2701 1909 2723 110-

150 2741 202 2776 cit
236 2744 241 2788 Ι
281 2754 353 2787 que
379 2755 446 2779 om.
482 2744 487 2788 Ι
527 2743 739 2779 futurarum
774 2749 777 2789 Ι
818 2745 942 2781 8001118
979 2750 982 2789 Ι
1025 2747 1138 2781 chaos
1176 2749 1187 2790 ss
1227 2750 1280 2782 14.
1309 2747 1472 2782 Erebum
1503 2759 1548 2783 eoe
1573 2747 1755 2782 Erebrum
1780 2761 1870 2784 corr.
1898 2750 1909 2795 j}

151 2805 206 2836 15.
227 2802 391 2837 Erebum
410 2815 454 2838 6ae
473 2803 655 2839 Erebrum
675 2817 766 2841 corr.
787 2807 798 2850 ΙΙ
828 2810 881 2841 16.
910 2808 1002 2852 aput
1024 2809 1028 2850 Ι
1051 2806 1192 2841 inferus
1217 2809 1220 2851 Ι
1248 2810 1295 2843 ,17
1299 2836 1305 2842 .
1335 2807 1457 2852 adque
1483 2808 1493 2852 ΙΙ
1521 2811 1574 2842 18.
1598 2819 1717 2842 sermo
1745 2809 1802 2842 est
1824 2810 1829 2852 Ι
1850 2810 1907 2843 ta-

149 2861 267 2896 berna
292 2874 336 2898 ex
367 2864 527 2898 tauerna
559 2875 648 2900 corr.
685 2867 690 2910 Ι
731 2865 916 2901 exercicia
941 2867 1123 2913 geruntur
1159 2868 1170 2911 11
1210 2870 1264 2901 19.
1297 2868 1563 2912 nuncupantur
1595 2879 1639 2902 ea:
1670 2869 1909 2913 nuncupatur

151 2933 242 2956 corr.
279 2924 283 2965 Ι
325 2921 480 2967 aliquod
505 2935 550 2959 esc
576 2923 703 2969 aliquo
736 2937 828 2961 corr.
863 2927 869 2971 j
909 2926 1141 2972 gladiatores
1168 2938 1212 2961 ex
1238 2925 1446 2972 gladitores
1473 2938 1562 2962 corr.
1599 2930 1602 2969 Ι
1638 2926 1739 2975 0111111
1769 2929 1909 2974 (maryo

153 2983 347 3026 abscissus)
379 2983 391 3027 Η
423 2986 479 3018 20.
507 2983 569 3018 uel
595 2995 709 3029 opera
734 2997 800 3020 om.
835 2987 839 3029 Ι
873 2986 920 3021 de
946 2986 995 3032 gl.
1023 2987 1100 3022 cod.
1154 3017 1155 3022 ,
1200 2989 1255 3021 22.
1283 2985 1423 3020 uicium
1461 2988 1473 3030 Η
1514 2990 1570 3022 24.
1597 2990 1654 3023 25.
1691 2999 1817 3034 maryo
1850 2990 1908 3023 ob-

151 3043 302 3077 scz'ssus:
327 3052 458 3077 nomen
477 3044 640 3079 auctoris
666 3045 761 3081 deest
786 3047 797 3091 ΙΙ
823 3048 879 3081 25.
902 3045 1048 3090 aliquid
1073 3047 1084 3090 ΙΙ
1111 3048 1167 3080 28.
1189 3044 1315 3080 hostia
1342 3057 1386 3081 ew
1411 3045 1567 3081 hostilia
1593 3058 1683 3083 corr.
1717 3049 1728 3092 ΙΙ
1761 3051 1817 3082 ⁶29.
1844 3058 1909 3092 po-

155 3100 232 3135 cior
263 3103 362 3146 1130.
390 3112 525 3137 uacum
553 3115 596 3138 m.
613 3107 644 3148 1,
671 3115 835 3138 uacuum
860 3117 905 3140 m.
921 3109 942 3139 4
974 3106 985 3149 1!

227 3169 314 3198 Corp.
336 3169 427 3200 gloss.
446 3169 500 3194 lat.
523 3172 596 3195 tom,
616 3170 651 3195 V.
1600 3171 1619 3200 5
