2221 3490
568 143 828 179 EXCERPTA
854 143 919 178 EX
946 142 1119 179 CODICE
1147 143 1431 179 CASSINENSI
1458 147 1527 178 402
1843 143 1928 183 557

167 256 297 299 Secta
329 256 528 299 doctrina
559 254 739 296 traditio

167 328 403 385 Sesquipes
436 327 518 370 due
550 329 698 383 partes
730 326 853 381 pedis

166 400 314 457 Serpit
344 400 561 456 paulatim
598 398 754 441 crescit

168 473 371 515 Sintheta
405 470 652 526 composita

129 554 146 579 5
167 544 402 587 Silentium
433 558 634 598 rumpere
668 542 791 597 loqui
824 546 892 584 est

115 1059 147 1083 10

115 1638 147 1662 15

115 2433 150 2457 25

117 2794 152 2820 30

168 617 324 660 Sinuat
356 616 512 659 curbat
544 614 684 657 flectit

168 689 269 747 Sige
303 703 429 745 grece
456 686 592 729 latine
620 685 844 728 silentium
871 687 1031 728 dicitur

168 761 408 804 Sinistrum
441 774 465 800 a
499 759 679 801 sinendo
707 758 867 799 dicitur
895 773 1030 812 quan-

226 837 322 875 tum
355 830 646 886 adaugurium
678 829 870 885 pertinet

168 905 314 961 Siquis
361 902 590 946 extollitur
633 902 747 944 idest
793 901 1032 944 descientia

226 977 339 1034 legis

169 1049 364 1093 Sortitur
395 1047 590 1104 disponit
624 1047 798 1089 ordinat

168 1122 320 1165 Solum
341 1123 408 1164 est
430 1135 556 1162 omne
579 1120 693 1175 quod
715 1119 914 1162 subiacet
940 1118 1032 1161 uni-

227 1195 382 1250 cuique
422 1191 486 1235 rei
526 1192 640 1234 sicut
681 1206 754 1233 aer
793 1191 948 1233 auibus
988 1194 1032 1233 et

227 1281 346 1309 mare
378 1264 566 1307 nauibus

170 1339 414 1382 Sollicitius
447 1336 703 1392 diligentius

170 1410 370 1453 Solacem
421 1410 568 1450 lanam
616 1408 831 1449 minutam
878 1409 1031 1450 duram

227 1483 444 1525 hirsutam

168 1555 360 1612 Sublego
393 1553 517 1609 rapio

168 1625 460 1682 Supercilium
493 1625 682 1667 altitudo
716 1625 947 1667 summitas

169 1698 347 1755 Subigit
380 1713 555 1740 sursum
589 1697 683 1753 agit

169 1770 402 1814 Successus
435 1770 623 1812 felicitas

169 1843 391 1899 Superuus
425 1842 587 1884 nobilis

169 1915 335 1959 Sudum
369 1930 572 1957 serenum

169 1988 453 2043 Summopere
487 2001 658 2029 summo
693 1986 838 2028 studio

169 2060 431 2104 Sufferentia
462 2059 680 2114 patientia

170 2132 448 2189 Superfluum
483 2146 803 2187 superuacuum

170 2204 364 2249 Subueni
397 2203 527 2247 adina
559 2219 761 2247 succurre

171 2276 407 2320 Suadibilis
440 2277 743 2318 exhortatoria
778 2279 821 2317 et
854 2276 1035 2318 flectens

231 2349 471 2392 adnimium
502 2349 668 2390 bonum
699 2348 891 2390 hominis

172 2422 333 2465 Sucula
354 2421 530 2477 signum
550 2420 903 2476 inceloeinfrontc
919 2420 1035 2462 tauri

172 2493 397 2550 Suspendo
433 2492 557 2547 quasi
591 2507 766 2534 sursum
797 2493 938 2548 pendo

172 2566 453 2609 Subsiciuum
487 2579 618 2620 super
650 2579 838 2607 uacuum

172 2638 321 2682 Sceuis
355 2638 482 2680 malis
517 2637 709 2679 sinistris

173 2711 437 2754 Sceleratius
470 2708 664 2764 iniquius
697 2709 905 2752 iniustius

173 2783 309 2826 Scilla
334 2781 732 2839 periculosissimus
754 2782 875 2824 locus
903 2783 1035 2825 maris

233 2857 301 2897 est
332 2855 448 2897 enim
481 2869 634 2896 saxum
666 2854 832 2895 inmare

173 2925 307 2969 Scilla
339 2941 477 2983 genus
510 2926 644 2968 herbe

173 2997 434 3054 Spectacula
464 2998 678 3041 miracula

174 3069 332 3126 Spinus
366 3071 496 3113 arbor
527 3085 693 3126 prunus

174 3142 422 3199 Stephanus
454 3158 610 3186 norma
643 3157 768 3200 grece
802 3147 1035 3186 coronatus

1071 252 1316 296 Stemmata
1337 258 1593 297 ornamenta
1613 254 1779 311 regalia
1799 257 1932 309 atque
1953 266 1986 290 35

1127 326 1337 368 nobilitas
1382 327 1635 383 genealogie
1668 326 1739 368 uel
1773 340 1932 368 corone

1128 413 1205 440 seu
1230 398 1444 454 imagines
1466 400 1649 441 rotunde
1676 399 1723 440 in
1755 398 1933 440 modum

1131 484 1290 525 corone

1071 540 1209 585 Stelio
1258 542 1448 584 lacertus
1495 542 1692 585 decolore
1743 542 1933 584 inditum

1129 630 1289 656 nomen
1321 613 1487 656 habens
1515 618 1582 656 est
1611 614 1726 656 enim
1756 617 1932 670 tergore

1131 687 1322 742 repictus
1375 685 1647 742 fulgentibus
1698 686 1839 741 guttis
1890 686 1936 726 in

1129 759 1307 801 modum
1328 757 1556 800 stellarum
1583 757 1633 799 de
1656 772 1740 813 quo
1763 758 1934 799 ouidius

1130 834 1370 886 aptumque
1398 829 1590 871 colorem
1615 844 1775 872 nomen
1801 830 1936 871 habet

1130 903 1264 944 uariis
1317 901 1518 944 stellatus
1566 916 1746 957 corpore
1793 901 1935 957 guttis

1130 975 1201 1016 hic
1241 973 1543 1029 scorpionibus
1578 974 1823 1016 contrarius
1869 976 1937 1014 est

1130 1047 1194 1088 ita
1213 1050 1263 1089 ut
1282 1046 1378 1088 uiso
1395 1061 1444 1088 eo
1462 1060 1672 1101 pauorem
1692 1045 1762 1087 his
1784 1045 1937 1086 afferat

1133 1122 1176 1160 et
1208 1122 1432 1174 torporem

1073 1190 1360 1246 Sterquilinia
1393 1191 1675 1246 scopiliarum
1709 1204 1889 1232 aceruus

1073 1262 1411 1318 Sterquilinium
1461 1263 1537 1304 ubi
1590 1266 1784 1304 stercora
1841 1276 1936 1317 pro-

1131 1335 1324 1378 iciuntur

1073 1408 1285 1450 Strenuus
1316 1408 1469 1449 efficax
1500 1407 1628 1464 agilis
1655 1406 1784 1448 fortis
1814 1405 1938 1461 piger

1132 1483 1338 1523 constans
1371 1480 1498 1522 uelox

1073 1552 1293 1608 Strepitus
1326 1552 1544 1594 tumultus
1958 1565 1992 1589 40

1073 1626 1253 1682 Stringo
1287 1628 1468 1680 amputo
1503 1624 1675 1666 decutio
1710 1637 1808 1665 seco

1073 1696 1215 1739 Stibio
1249 1698 1369 1740 color
1414 1697 1525 1739 unde
1560 1697 1673 1739 oculi
1708 1696 1940 1752 tinguntur

1074 1769 1285 1825 Stirpitus
1320 1769 1576 1811 aduerbium
1610 1768 1840 1824 qualitatis

1074 1839 1344 1883 Scrutinium
1378 1842 1607 1897 inquisitio

1074 1911 1202 1955 Sidus
1236 1914 1363 1955 stella
1394 1913 1634 1970 augurialis
1662 1913 1732 1955 uel
1764 1912 1939 1968 proprie
1960 1925 1994 1950 45

1134 1987 1373 2040 tempestas

1077 2056 1220 2099 Sirma
1253 2057 1386 2100 dictio
1421 2059 1555 2114 longa

1077 2129 1225 2171 Sicera
1247 2130 1388 2172 omnis
1410 2131 1595 2186 liquoris
1617 2129 1833 2172 confectio
1857 2144 1938 2184 que

1135 2203 1287 2244 uinum
1326 2203 1527 2244 imitatur
1560 2205 1604 2244 et
1643 2202 1832 2244 inebriat
1867 2202 1940 2243 sed

1134 2275 1310 2329 proprie
1349 2274 1496 2330 liquor
1527 2278 1595 2317 est
1635 2275 1783 2317 suauis
1826 2273 1942 2316 adbi-

1136 2347 1325 2389 bendum
1368 2348 1443 2402 qui
1487 2362 1537 2389 ex
1584 2347 1757 2389 dactilis
1803 2346 1942 2403 expri-

1135 2419 1272 2461 mitur

1079 2491 1313 2534 Sirmensis
1347 2493 1562 2534 correctio
1605 2491 1941 2548 significationis

1079 2562 1349 2620 Simpolator
1370 2564 1535 2606 amicus
1564 2564 1715 2620 sponsi
1737 2564 1810 2619 qui
1838 2564 1942 2606 assi-

1137 2637 1246 2679 duus
1281 2652 1379 2679 cum
1412 2651 1463 2679 eo
1496 2637 1541 2679 in
1575 2637 1778 2679 conuiuio
1813 2638 1880 2678 est

1077 2707 1346 2764 Sicophanta
1378 2708 1593 2765 impostor
1961 2721 1996 2744 50

1077 2781 1249 2823 Sicania
1282 2781 1423 2823 sicilia
1456 2797 1481 2823 a
1514 2782 1661 2823 sicano
1694 2793 1796 2835 rege
1825 2779 1942 2821 (licta

1077 2852 1176 2896 Sica
1209 2867 1347 2909 genus
1380 2853 1515 2910 gladii
1548 2852 1674 2908 parui

1077 2925 1268 2968 Sicarius
1303 2925 1525 2981 gladiator

1075 2997 1218 3041 Sicine
1252 2998 1403 3039 taliter

1075 3069 1266 3126 Signifer
1288 3069 1362 3124 qui
1384 3070 1559 3125 signum
1581 3072 1731 3124 portat
1750 3068 1797 3109 in
1824 3069 1940 3110 bello
1960 3081 1994 3106 55

1077 3142 1315 3198 Signanter
1350 3140 1574 3184 euidenter
