2216 3402
490 851 830 899 EXCERPTA
869 849 954 898 EX
993 850 1180 898 LIBRO
1222 849 1600 897 GLOSSARVM

185 956 256 992 Pro
282 956 526 991 fundamento
554 957 611 990 est
637 955 753 990 codex
773 954 966 989 Parisinus
994 956 1136 999 (11529.
1162 956 1308 999 11530):
1343 953 1382 987 in
1408 952 1653 988 adnotatione
1681 953 1901 987 adferuntur

639 1014 820 1050 lectiones
847 1014 988 1050 codicis
1014 1013 1181 1050 Palatini
1214 1013 1313 1060 (Vat.
1345 1015 1450 1058 1773)

169 1127 345 1169 Abeuro
385 1127 519 1169 fluctu
557 1126 611 1167 ab
652 1140 702 1167 ea
745 1128 869 1180 parte
914 1126 1026 1167 unde

229 1213 360 1240 eurus·
389 1198 547 1240 fluctus
579 1197 686 1239 facit

167 1270 391 1326 Abingere
425 1270 597 1325 expelre

167 1341 382 1384 Abiurare
415 1345 482 1384 est
508 1357 599 1383 rem
626 1341 837 1384 creditam
863 1354 1024 1396 negare

227 1414 417 1469 periurio

170 1486 381 1528 Abiurate
413 1485 555 1527 furate

132 1573 149 1598 5
169 1557 428 1613 Ablegurrit
460 1558 665 1613 degustat

168 1628 478 1685 Abligurigine
510 1628 752 1670 uoracitate

168 1699 415 1756 Abliguriri
450 1700 631 1756 gluttire
659 1701 834 1742 sorbere
861 1700 931 1741 uel
959 1700 1029 1740 de-

229 1787 384 1814 uorare

173 1844 410 1887 Ablutione
442 1844 749 1886 emundatione

172 1916 418 1958 Abluuione
450 1916 733 1959 inundatione
767 1916 960 1958 sordium

120 2003 152 2028 10
172 1988 408 2030 Abolescet
428 1988 473 2030 in
494 1988 760 2030 obliuionem
787 1988 919 2029 uadit.
945 1987 1029 2028 uir-

231 2060 364 2115 gilius
402 2059 602 2114 tantique
636 2060 848 2102 abolescit
887 2059 1031 2115 gratia

230 2131 335 2173 facti

173 2202 430 2259 Abhorris¹)
464 2204 743 2246 scandalosus

172 2273 498 2330 Abreceptabat
529 2275 591 2318 ire
623 2275 861 2331 incipiebat

173 2345 390 2402 Abreptas
425 2362 522 2389 cum
553 2347 722 2403 impetu
754 2346 1001 2389 ambulatas

173 2417 416 2460 Abscidens
437 2419 712 2474 abrumpens.
738 2419 941 2475 nii-gilius
960 2418 1032 2460 hic

231 2489 404 2545 plantas
431 2493 581 2533 tenero
609 2491 837 2534 abscidens
864 2491 915 2532 de
942 2505 1027 2533 cor-

233 2576 338 2616 pore
370 2565 561 2604 matrum

123 2645 156 2672 15
175 2631 421 2689 Abscidit2)
453 2634 504 2675 de
536 2633 747 2676 memoria
779 2634 868 2676 exit

176 2704 400 2746 Absiliunt
444 2706 708 2748 descendunt
755 2705 915 2748 statius
961 2706 1032 2748 ab-

1125 1124 1278 1167 siliunt
1321 1124 1459 1166 nubes
1505 1127 1549 1166 et
1592 1123 1765 1179 fulgure
1805 1123 1921 1165 claro

1125 1200 1244 1239 astra
1275 1198 1429 1251 patent

1064 1268 1259 1310 Absorta
1302 1270 1369 1309 est
1414 1268 1597 1324 gluttita
1636 1271 1702 1309 est
1745 1270 1820 1309 aut
1858 1267 1926 1309 de-

1126 1342 1283 1381 uorata
1314 1342 1382 1381 est

1069 1411 1371 1465 Abspernatur
1398 1412 1640 1454 contemnit

1069 1483 1305 1525 Abstemus
1339 1484 1510 1526 sobrius

1075 1556 1319 1598 Abstemios
1353 1555 1439 1598 cibi
1472 1555 1742 1597 abstinentes
1776 1555 1872 1597 cibo
1946 1567 1981 1592 ⁶20

1069 1628 1366 1670 Abstrusurus
1413 1628 1711 1670 occultaturus
1757 1642 1812 1669 an
1857 1628 1927 1668 ab-

1129 1714 1364 1742 sconsurus

1067 1770 1238 1813 Abtans
1271 1772 1372 1813 abte
1406 1773 1712 1827 obtemperans

1069 1842 1330 1885 Abusitatus
1358 1843 1501 1885 minus
1525 1843 1766 1886 instructus
1795 1843 1928 1885 scien-

1128 1914 1192 1956 tia

1068 1984 1404 2042 Academicha3)
1444 1987 1550 2029 uilla
1587 1987 1663 2029 ubi
1708 1988 1929 2029 tractabat

1128 2058 1248 2113 plato

1069 2129 1352 2172 Academitus
1384 2130 1673 2186 philosophus
1949 2142 1983 2167 25

1071 2201 1302 2244 Acalantia
1333 2201 1426 2243 auis
1459 2203 1667 2257 uepribus
1701 2202 1881 2244 adsueta

1073 2274 1310 2316 Acalantus
1344 2274 1558 2316 cardellus
1585 2273 1691 2316 alibi
1716 2272 1928 2315 carduelis

1071 2346 1297 2388 Achantus
1336 2359 1473 2401 genus
1512 2345 1632 2388 floris
1666 2360 1751 2400 quo
1783 2348 1928 2387 uestes

1131 2417 1385 2460 inficiuntur

1071 2488 1268 2531 Acerbus
1307 2503 1434 2544 asper
1472 2489 1537 2531 ira
1581 2503 1760 2531 mouens
1800 2492 1930 2544 poeta

1132 2563 1175 2602 et
1193 2560 1418 2617 ingratum
1438 2575 1622 2617 regnum
1644 2560 1752 2602 mihi
1772 2575 1929 2602 munus

1131 2632 1312 2675 acerbus

1070 2704 1246 2747 Acceris
1280 2704 1438 2746 arculis
1471 2704 1648 2747 turariis
1681 2702 1803 2759 (Ode.)
1950 2715 1984 2741 30

273 2835 306 2877 1)
332 2834 357 2868 h
376 2845 455 2880 sup.
475 2846 543 2870 scr.
564 2839 596 2871 et
614 2846 633 2869 r
652 2839 735 2871 ante
755 2834 768 2869 i
788 2846 879 2871 corr.
899 2847 944 2872 m.
959 2838 984 2871 2
1004 2837 1015 2881 ΙΙ
1036 2836 1071 2881 2)
1099 2834 1137 2869 di
1158 2838 1286 2880 postea
1305 2834 1440 2869 deletae
1459 2834 1471 2878 ΙΙ
1490 2834 1526 2879 3)
1553 2833 1599 2867 ch
1619 2833 1703 2868 add.
1723 2843 1749 2867 s.
1765 2844 1795 2867 v.
1817 2835 1897 2868 m.2
1918 2832 1930 2878 ΙΙ

274 2956 305 2987 1.
338 2951 432 2998 uirg.
458 2954 534 2989 eod⁴
568 2955 579 2999 ΙΙ
610 2957 643 2990 2,
675 2953 837 2999 Abigere
868 2966 913 2990 εκ
943 2954 1133 3000 Abingere
1166 2964 1257 2989 corr.
1292 2953 1299 2998 Ι
1333 2951 1518 2997 expellere
1549 2953 1562 2996 ΙΙ
1594 2954 1721 2985 5—20.
1755 2962 1821 2986 om.
1849 2951 1926 2987 cod.

178 3012 269 3055 folio
294 3023 369 3056 uno
394 3012 494 3056 defle.
526 3013 538 3058 ΙΙ
569 3016 625 3047 24.
652 3013 880 3049 Academica
915 3015 920 3059 Ι
954 3014 1019 3049 ubi
1044 3025 1088 3050 ex
1113 3012 1167 3047 ibi
1193 3023 1282 3047 corr.
1315 3012 1327 3056 ΙΙ
1359 3013 1415 3046 25.
1442 3009 1747 3057 A{cademicus
1770 3011 1776 3056 1
1797 3009 1929 3055 phylo-

181 3070 318 3116 sophus
351 3073 363 3117 ῃ
394 3074 450 3106 26.
479 3072 611 3107 asueta
641 3073 654 3118 ss
685 3076 740 3108 28.
767 3084 840 3117 quo
867 3085 932 3110 om.
960 3086 1004 3109 m.
1024 3077 1055 3118 1,
1080 3084 1160 3117 sup.
1186 3082 1253 3106 scr.
1279 3073 1365 3106 m.2
1398 3071 1410 3115 ΙΙ
1441 3073 1497 3104 29.
1524 3069 1581 3105 ira
1606 3082 1652 3106 m.
1670 3073 1700 3115 1,
1727 3069 1823 3104 iram
1847 3073 1932 3106 m.2

179 3134 221 3165 ut
245 3132 317 3166 vid.
348 3133 352 3175 Ι
380 3132 493 3176 poeta
518 3143 562 3166 em
588 3133 718 3177 poeti-a
743 3144 834 3169 corr.
855 3135 866 3180 ΙΙ

255 3197 342 3228 Corp.
364 3197 455 3229 gloss.
474 3198 527 3223 lat.
550 3200 623 3225 tom*
643 3199 679 3225 V,

1602 3193 1642 3223 11
