2216 3402
159 1763 191 1787 10

160 2403 192 2428 15

205 141 261 183 22

206 251 385 294 Fauises
415 254 566 306 pectus
601 251 741 292 fossae
776 249 985 304 quaedam
1017 248 1062 290 in

267 323 472 378 capitolio
501 337 608 377 quac
641 322 685 362 in
712 321 886 363 modum
915 320 1062 362 cister-

266 408 420 435 narum
446 396 622 435 cauatae
650 392 924 448 excipiebant
950 392 1064 434 dona

268 465 380 507 iouis
414 465 537 519 siqua
568 467 744 506 uetusta
771 466 895 505 616111
925 463 1063 505 homi-

266 551 369 578 num
403 551 427 577 a
459 536 584 592 fruge
617 536 766 577 danda.

208 608 346 649 Forco
361 622 489 662 quam
506 622 619 649 nunc
633 607 749 649 fallis
765 621 862 649 611111
877 606 1064 661 appella-

267 694 362 720 mus
388 693 501 720 1111116
529 679 677 720 6111116.
722 678 829 720 alias
857 677 1064 720 secularis

268 765 352 804 qua
383 750 611 804 pontifices
645 750 685 791 in
722 750 856 792 sacris
882 752 1066 791 utuntur

268 821 383 863 dicta
413 821 466 863 ab
494 836 543 863 eo
572 822 686 876 quod
709 821 904 863 ferianda
929 824 1064 876 petat.

210 892 462 934 Formastro
493 907 621 948 opere
654 893 840 948 pistrino
873 892 1063 934 formum

270 963 468 1006 calidum.

210 1035 434 1078 Feriatum
467 1036 742 1090 perfractum.

210 1107 408 1149 Fassitus
425 1108 594 1150 solutus
610 1108 669 1149 sit
691 1111 765 1150 aut
781 1111 1063 1164 consumptus

270 1179 339 1220 uel
373 1179 609 1221 exhaustus
642 1194 667 1221 a
698 1180 950 1222 fatiscendo.

211 1250 488 1292 Ferocientes
522 1250 726 1293 ferociam
763 1254 1024 1293 exercentes.

211 1321 393 1362 Flaxare
426 1321 602 1377 uigilias
636 1322 874 1364 circumire.

212 1392 479 1434 Fauinorum
535 1394 763 1436 modorum
818 1394 1067 1450 antiquissi-

269 1477 440 1505 morum
478 1479 683 1506 uersuum
723 1466 878 1521 quibus
917 1466 1067 1508 fanum

273 1534 530 1578 celebratur.

210 1606 458 1649 Famulatio
493 1608 722 1650 seruitium
753 1612 802 1650 ut
835 1609 961 1651 eritio
995 1610 1066 1652 do-

271 1678 467 1720 minatio.

214 1749 357 1791 Forda
405 1750 535 1805 plena
574 1750 690 1793 dicta
732 1767 757 1793 a
800 1755 1066 1808 praegnante

272 1821 384 1876 quod
416 1821 590 1876 proprie
624 1810 853 1878 significat.

211 1892 245 1934 F
250 1893 459 1934 racebunt
499 1894 736 1936 sordebunt
775 1895 1068 1950 displicebunt

272 1964 435 2006 dictum
456 1979 481 2006 a
500 1964 709 2008 fratribus
725 1967 799 2021 qui
820 1973 920 2009 sunt
940 1968 1066 2009 stilli-

274 2034 385 2076 cidia
417 2036 698 2090 sterquilinis.

213 2105 400 2147 Facinus
435 2120 560 2149 omne
592 2107 768 2150 factum.

212 2176 456 2219 Fauonium
478 2178 624 2220 odium
644 2179 738 2221 leue
760 2183 802 2222 et
825 2181 915 2223 sine
937 2196 1066 2224 causa

272 2248 393 2290 uelut
427 2264 451 2290 a
482 2253 613 2292 uento
648 2251 842 2295 collecto.

213 2319 394 2360 Futauit
427 2320 521 2362 fuit.

213 2390 355 2432 Fulsit
386 2392 517 2446 periit
548 2393 618 2434 uel
644 2395 859 2448 percussit
898 2395 1064 2453 fulgere

273 2462 386 2504 enim
435 2462 563 2504 ferire
614 2467 680 2505 est
730 2466 841 2508 unde
895 2482 1064 2522 quoque

272 2533 437 2575 fulmen
463 2534 636 2576 dictum.

652 140 885 176 PLACIDVS
912 138 1166 174 LIBRORVM
1191 137 1507 175 ROMANORVM

1100 248 1250 291 Fuctis
1262 263 1339 291 uas
1352 247 1577 303 aquarium
1588 247 1789 302 perparui
1800 247 1954 302 operis.

1100 319 1284 363 Facetus
1321 319 1428 362 iocis
1466 320 1634 362 lusibus
1675 319 1856 361 sallibus
1888 334 1955 360 ur-

1159 392 1412 434 banitatem.
1440 409 1453 450 .'

1100 461 1134 504 F
1137 463 1232 505 acul
1264 462 1401 505 facile.

1101 534 1376 577 Ferentarius
1408 535 1566 577 leuiter
1599 537 1792 578 armatus
1825 534 1956 590 sagit-

1161 606 1218 647 tis
1252 609 1327 648 aut
1358 606 1515 649 fundis.

1102 677 1286 720 Flixerit
1319 679 1543 720 adflixerit.

1103 749 1278 791 Fratria
1310 749 1457 792 fratris
1491 749 1649 792 uxoris.

1103 820 1335 863 Frontesia
1361 824 1551 863 ostenta:
1577 822 1688 864 unde
1717 823 1760 862 et
1787 823 1955 876 porten-

1165 892 1263 934 dere
1295 893 1365 934 1161
1399 893 1636 935 ostendere.

1101 963 1300 1005 Flatellis
1335 964 1528 1006 sordium
1560 964 1856 1020 glomusculis.

1102 1034 1300 1077 Flatores
1334 1036 1534 1078 tibicines
1569 1051 1594 1077 a
1625 1036 1779 1080 flando.

1102 1105 1382 1162 Flagratores
1405 1107 1477 1162 qui
1506 1122 1549 1149 se
1577 1108 1727 1163 flagris
1755 1107 1957 1150 conducti
1978 1125 2012 1150 25

1163 1178 1330 1220 cedunt.

1103 1249 1323 1292 Formitat
1348 1250 1599 1293 formitibus
1633 1251 1863 1294 exassulat.

1103 1321 1251 1363 Funus
1298 1325 1340 1364 et
1391 1322 1520 1364 ferias
1568 1322 1848 1377 prouerbium
1892 1325 1960 1364 est

1163 1393 1377 1435 morediat
1393 1394 1598 1449 quoniam
1618 1394 1766 1436 funere
1783 1393 1958 1449 publico

1164 1465 1297 1507 feriae
1331 1466 1542 1507 dicuntur.

1104 1536 1361 1579 Fratrarent
1387 1540 1644 1593 turguerent
1662 1538 1959 1593 pubescerent.

1104 1608 1237 1650 Fauri
1282 1609 1522 1665 compitum
1564 1609 1641 1650 ubi
1681 1623 1795 1651 nunc
1838 1609 1959 1651 lacus

1976 697 2012 722 20

1164 1680 1361 1735 captiuus
1383 1681 1433 1723 de
1453 1680 1654 1723 hostibus
1683 1683 1958 1736 recuperatos

1166 1752 1318 1794 domus
1349 1752 1532 1794 fabricia
1566 1752 1666 1794 data
1699 1755 1775 1794 est.

1106 1824 1321 1866 Futauere
1352 1824 1484 1866 fuere.

1105 1895 1296 1952 Frugem
1327 1895 1471 1938 fecisti
1505 1895 1640 1950 probe
1673 1894 1816 1937 fecisti
1848 1895 1960 1936 unde

1166 1962 1340 2022 quidem
1371 1967 1500 2023 frugi.

1105 2039 1289 2080 Fac-esse
1321 2038 1389 2080 fac
1421 2039 1649 2081 interdum.

1105 2109 1336 2166 Fugitiuae
1351 2124 1486 2165 aquae
1503 2125 1611 2165 qua-e
1626 2110 1782 2165 pluunt
1797 2124 1848 2152 ex
1862 2109 1956 2151 riuo

1164 2181 1339 2236 publico
1389 2196 1529 2236 neque
1579 2180 1958 2236 deprehenduntur

1161 2253 1272 2294 unde
1292 2252 1481 2309 fugitiua
1498 2253 1613 2295 dicta
1628 2255 1730 2295 sunt
1749 2267 1857 2308 quae
1871 2252 1957 2294 fur-

1978 1841 2014 1866 30

1162 2324 1243 2366 tim
1255 2324 1350 2379 quis
1362 2325 1443 2367 hac
1455 2339 1541 2366 non
1553 2339 1630 2367 suo
1645 2325 1737 2366 iure
1752 2326 1958 2366 uteretur.

1103 2396 1293 2438 Fluxuas
1318 2396 1475 2451 equitis
1498 2396 1713 2450 quoddam
1740 2410 1874 2452 genus
1902 2396 1956 2437 ab

1164 2470 1420 2509 ornamento
1471 2467 1571 2522 equi
1622 2467 1736 2522 quod
1792 2467 1956 2509 fluxum
2023 2483 2027 2486 ·

1165 2541 1338 2581 uocant.

310 2702 340 2734 1.
366 2698 390 2734 f.
418 2710 548 2744 specus
574 2701 615 2735 in
639 2712 751 2747 mary.
780 2701 816 2736 b2
839 2703 843 2746 Ι
866 2704 1002 2738 6611616
1028 2704 1079 2739 ab
1098 2706 1110 2749 ΙΙ
1136 2707 1166 2739 2.
1194 2703 1311 2738 Foreo
1337 2715 1361 2739 α
1383 2705 1388 2748 Ι
1411 2702 1552 2751 culsssra
1577 2703 1597 2739 b
1616 2705 1627 2748 ΙΙ
1653 2707 1684 2738 3.
1714 2701 1879 2737 fornium
1903 2703 1924 2738 b
1949 2702 1961 2749 ΙΙ

214 2760 246 2792 8.
273 2757 499 2793 Fauinorum
524 2761 554 2795 b.
582 2759 794 2795 Faunorum
819 2774 868 2796 ac
887 2764 898 2806 ΙΙ
918 2765 949 2798 9.
978 2762 1088 2797 ericio
1116 2776 1138 2798 α
1158 2765 1169 2807 ΙΙ
1192 2767 1243 2798 11.
1271 2763 1483 2798 Fraeebunt
1507 2763 1564 2808 (ra
1586 2764 1627 2798 in
1646 2763 1733 2806 ras.)
1762 2763 1782 2798 b
1804 2763 1809 2808 Ι
1830 2761 1856 2798 f.
1883 2762 1958 2796 fra-

216 2816 319 2850 cibus
346 2817 382 2852 b²
408 2819 449 2852 in
471 2831 580 2865 marg.
605 2822 610 2861 1
633 2819 877 2864 sterquillinis
905 2823 950 2856 bc
969 2823 980 2866 ΙΙ
1004 2826 1054 2856 13.
1083 2823 1121 2856 et
1146 2834 1212 2857 om.
1229 2824 1248 2857 b
1267 2824 1279 2867 ΙΙ
1301 2826 1353 2858 17.
1388 2821 1530 2856 salibus
1557 2833 1600 2856 ea:
1626 2833 1716 2858 corr.
1738 2823 1758 2857 b
1780 2823 1785 2867 Ι
1807 2821 1960 2856 urbani-

215 2877 294 2910 tate
320 2888 363 2911 esc
388 2888 478 2912 corr.
506 2879 526 2913 b
546 2880 557 2923 ΙΙ
577 2882 632 2914 25.
654 2884 737 2924 post
762 2879 1001 2925 Flagratores
1027 2882 1136 2916 verba
1161 2881 1348 2916 Tibicines
1376 2893 1398 2916 a
1423 2881 1547 2915 flando
1574 2882 1641 2916 del.
1669 2881 1710 2915 a²
1731 2883 1737 2925 Ι
1760 2891 1798 2915 se
1824 2892 1889 2916 om.
1912 2881 1931 2916 b
1953 2882 1958 2927 Ι

217 2934 378 2969 caedunt
403 2948 468 2971 om.
494 2937 527 2972 h.
555 2938 630 2973 loco
656 2939 723 2974 ab:
749 2940 794 2982 cf.
815 2942 868 2974 26
891 2940 902 2983 ΙΙ
929 2943 982 2974 26.
1010 2938 1194 2974 Formitat
1220 2944 1257 2985 (6
1282 2952 1326 2976 ea:
1352 2943 1386 2986 e)
1416 2952 1439 2976 α
1461 2942 1466 2984 Ι
1495 2939 1686 2974 exassulat
1711 2939 1849 2974 cedunt
1874 2940 1925 2975 ab
1951 2940 1962 2984 Ι

217 2997 272 3028 27.
300 2994 442 3028 mediat
467 2996 486 3030 b
514 2996 565 3039 (ἒ)
595 2997 606 3041 ΙΙ
638 3000 694 3032 29.
721 2997 968 3042 compositum
994 3010 1017 3034 a
1041 2999 1053 3042 ΙΙ
1081 3003 1135 3033 31.
1164 2999 1330 3046 quidem]
1357 3000 1381 3035 f.
1409 2999 1530 3033 uirum
1558 3011 1585 3034 s.
1611 3010 1724 3045 marg.
1752 2998 1791 3034 b²
1813 3001 1826 3043 ΙΙ
1854 3001 1908 3033 33.
1937 2998 1960 3033 f.

218 3052 338 3087 fluunt
364 3054 402 3088 b2
434 3055 474 3088 in
499 3066 611 3101 many.
647 3058 651 3100 Ι
697 3055 858 3101 indeque
896 3057 1202 3102 praehenduntur
1234 3070 1260 3094 s.
1289 3058 1325 3095 b²
1358 3060 1399 3094 in
1429 3070 1541 3104 τηαν-9.
1578 3060 1582 3103 Ι
1616 3057 1730 3092 firtim
1762 3070 1786 3094 a
1817 3061 1849 3093 et
1880 3061 1963 3093 ante

218 3123 308 3148 corr.
337 3113 356 3148 b
391 3112 396 3158 Ι
431 3123 473 3147 ac
500 3114 538 3148 b²
563 3115 604 3149 in
629 3127 741 3161 mat-9.
774 3117 786 3160 ΙΙ
818 3119 873 3151 34.
901 3117 1012 3151 uocat
1037 3129 1085 3152 ac
1113 3120 1125 3162 ΙΙ
