2216 3402
710 123 945 160 PLACIDVS
971 123 1156 160 CODICIS
1183 123 1395 159 PARISINI

232 234 418 289 quadere
451 239 526 278 aut
559 235 594 276 si
622 235 740 277 dicas
762 267 771 276 .
791 233 923 276 iudici
955 234 1029 275 ille

231 306 428 349 micirem
454 342 462 349 .
489 307 596 349 iuris
645 306 730 348 mei
757 341 764 348 .
791 306 889 348 inde
939 305 1028 347 uite

231 380 426 432 peruasit
441 413 449 421 .
465 379 647 422 conueni
669 378 760 419 sine
781 377 904 419 litem
918 411 927 419 .
941 391 1028 418 non

225 450 374 492 reddit
407 450 639 506 quodcirca
669 450 797 491 iudex
817 482 826 491 .
846 452 895 490 tu
928 447 1028 490 mici

232 537 328 564 eam
360 522 531 564 iustitia
562 525 640 564 tua
670 520 844 563 restitui
876 520 976 561 iube

175 594 298 643 Quod
320 627 328 635 .
349 594 518 649 quando

173 664 293 714 Quur
314 699 321 707 .
343 680 474 720 quare

174 737 295 786 Quur
332 738 394 778 uli
415 771 423 780 .
445 737 552 779 sella
574 771 581 778 .
601 737 647 778 in
680 751 765 791 qua
802 734 1031 790 purpurati

233 810 384 851 sedent

30 952 345 997 f01.1ssrRauida
365 987 373 994 .
393 952 539 994 furore
572 952 700 1006 plena

137 1033 153 1057 5
174 1025 405 1067 Rabamini
427 1058 434 1065 .
457 1022 779 1066 arbitrabimini

173 1097 335 1139 Rabies
357 1130 366 1138 .
386 1097 610 1139 iracundia

172 1169 352 1211 Racemi
373 1203 380 1210 .
402 1170 485 1211 ube
517 1169 651 1225 parbe

173 1241 306 1283 33661
327 1275 335 1283 .
357 1241 452 1283 obis
485 1241 637 1282 uidens
670 1241 744 1282 dffi

173 1313 293 1357 Raca
312 1347 320 1355 .
341 1327 478 1355 uanus
513 1315 588 1354 aut
620 1312 761 1354 inanis

122 1402 154 1427 ιο
173 1385 403 1428 Radicitus
427 1419 433 1426 .
455 1384 499 1426 id
533 1400 558 1426 a
589 1384 732 1426 radice

173 1458 301 1500 Radii
322 1491 330 1500 .
352 1472 377 1499 a
408 1457 596 1499 radendo

173 1530 333 1572 Radiat
353 1562 362 1571 .
383 1529 517 1571 micat
548 1528 783 1571 inluminat

173 1602 388 1644 Radiatur
409 1635 416 1643 .
438 1600 726 1658 inluminatur

175 1674 356 1730 Raptim
377 1708 385 1715 .
406 1673 553 1728 rapide
585 1672 795 1715 uelociter

122 1761 155 1786 15
174 1746 369 1788 Rafanos
389 1778 399 1788 .
420 1744 585 1787 radices
607 1779 614 1786 .
638 1747 704 1786 set
736 1742 1004 1800 ortulanas1)

176 1818 386 1860 3381111111
407 1853 415 1860 .
436 1817 748 1859 ferramentum
769 1816 937 1858 culture
959 1818 1035 1857 aut

237 1905 262 1932 3
281 1889 471 1932 radendo
498 1892 661 1931 terram
682 1921 691 1930 .
713 1890 788 1930 aut
809 1903 834 1929 a
853 1887 1033 1929 raritate

236 1961 432 2004 dentium
459 1994 468 2003 .
494 1964 660 2004 rastros
720 1959 904 2003 dicimus
933 1995 940 2002 .
968 1963 1036 2002 est

236 2034 406 2090 generis
446 2034 676 2076 masculini
707 2033 936 2089 pluraliter
973 2033 1036 2074 hi-

236 2107 368 2149 rastri
394 2140 402 2148 .
431 2109 474 2148 et
515 2107 597 2149 hos
636 2109 803 2148 rastros
831 2141 838 2147 .
866 2105 934 2147 his
973 2119 1036 2146 ra-

237 2179 341 2221 stris
362 2211 370 2220 .
392 2181 436 2220 et
468 2181 614 2220 aratra
639 2178 823 2220 dicimus
856 2177 986 2218 rastri

176 2250 356 2306 Raptim
377 2284 385 2292 .
408 2251 570 2292 cursim
591 2285 598 2292 .
621 2249 819 2291 celeriter

178 2322 365 2364 Ratibus
390 2322 603 2364 .nabibus

176 2393 281 2436 Rati
313 2396 415 2436 sunt
436 2427 445 2436 .
466 2393 670 2436 arbitrati
709 2395 811 2435 sunt
831 2427 838 2435 .
862 2393 1035 2435 estima-

238 2467 395 2509 berunt

126 2554 159 2578 20
179 2538 341 2580 33111111
373 2538 497 2580 abuit
519 2573 525 2579 .
548 2540 775 2592 acceptum
807 2537 930 2579 abuit

177 2608 465 2666 Rasescunt2)
487 2643 495 2651 .
516 2609 603 2651 rari
634 2609 747 2651 fiunt
767 2642 776 2651 .
798 2612 874 2651 aut
910 2612 1035 2664 parte

238 2682 350 2724 fiunt

179 2752 342 2795 Ratum
361 2786 371 2795 .
392 2755 617 2808 acceptum

181 2824 295 2866 Rata
314 2858 322 2865 .
345 2825 630 2879 acceptabilia

181 2896 376 2951 Rapidus
386 2894 420 2952 3)
444 2929 452 2937 .
472 2896 601 2938 uelox

1842 125 1922 165 141

1067 234 1219 289 Rapax
1239 268 1247 276 .
1268 234 1402 289 predo
1946 246 1979 270 25

1070 306 1286 348 Ramnum
1307 340 1315 348 .
1335 305 1505 361 lignum
1538 305 1763 361 spinosum

1070 377 1231 419 Ratum
1252 412 1259 419 .
1280 378 1415 419 fixum
1447 377 1702 419 inmobilem

1069 449 1226 504 Rapidi
1247 483 1255 491 .
1275 450 1446 492 11610668

1068 519 1217 575 π’3311ῄῇ
1226 519 1353 575 71614)
1376 555 1383 562 .
1404 521 1654 576 frequenter
1687 521 1831 576 rapiar

1069 591 1306 634 *Rationes
1327 626 1335 634 .
1355 592 1454 635 uius
1486 593 1603 634 modi
1637 593 1829 634 saltabat
1948 604 1982 629 30

1070 663 1340 718 Raptaberat
1361 698 1368 705 .
1389 664 1660 719 frequentius
1693 668 1898 719 rapuerat

1070 734 1264 790 Rapidus
1304 738 1475 777 torrens
1497 768 1506 776 .
1526 750 1728 778 ueemens
1768 737 1926 777 fluuius

1131 807 1273 850 factus
1307 807 1357 848 de
1390 807 1541 862 pluuia

1071 880 1283 934 Raptores
1306 912 1315 920 .
1334 880 1546 934 predones

1071 951 1266 1006 Rapiunt
1287 985 1295 992 .
1316 951 1529 1006 diripiunt

1070 1022 1218 1065 Rauco
1240 1056 1248 1064 .
1269 1023 1439 1065 tinnulo

1072 1095 1239 1150 Raptor
1253 1127 1263 1137 .
1278 1110 1327 1137 eo
1350 1095 1464 1150 quod
1486 1098 1716 1150 corruptor
1737 1129 1744 1136 .
1766 1095 1864 1136 inde
1887 1099 1930 1136 et

1131 1170 1287 1222 rapta.
1309 1182 1358 1209 eo
1392 1167 1508 1222 quod
1541 1170 1746 1222 corrupta

1072 1239 1334 1281 Rationator
1349 1240 1489 1282 dictus
1505 1272 1514 1281 .
1528 1239 1596 1280 uir
1610 1253 1795 1295 magnus
1813 1239 1930 1294 quia.

1131 1311 1182 1353 de
1228 1312 1428 1354 omnibus
1459 1346 1467 1353 .
1498 1326 1583 1366 qua
1634 1326 1727 1353 esse
1773 1311 1929 1352 mirabi

1132 1384 1194 1425 les
1240 1386 1413 1426 constat
1457 1384 1598 1439 possit
1642 1383 1818 1425 reddere
1868 1398 1931 1424 ra—

1133 1455 1298 1498 tionem

1089 1528 1303 1570 lecubans
1325 1562 1333 1569 .
1354 1528 1498 1570 iacens

1090 1600 1283 1642 1661111113
1304 1634 1312 1642 .
1334 1600 1564 1643 61686611ᾶο
1580 1596 1583 1597 ’
1598 1602 1641 1641 61
1678 1599 1931 1654 pullulando

1133 1671 1250 1713 dicta
1277 1675 1379 1714 sunt
1400 1705 1409 1714 .
1428 1672 1537 1713 bene
1562 1686 1666 1727 ergo
1694 1671 1932 1714 recidiuum

1133 1743 1209 1785 ubi
1242 1758 1360 1785 mors
1394 1746 1469 1785 aut
1502 1758 1626 1786 casus

1074 1816 1263 1857 Recusat
1289 1850 1298 1858 .
1325 1816 1464 1858 denuo
1515 1818 1678 1857 tractat
1704 1848 1713 1858 .
1741 1818 1816 1856 aut
1872 1830 1932 1856 re·
1953 1827 1987 1851 40

1133 1887 1269 1930 currit

1074 1959 1359 2014 Reciprocum
1375 1995 1382 2001 .
1398 1960 1584 2001 inuicem
1600 1959 1818 2009 redditum
1833 1994 1839 2000 .
1853 1959 1932 2000 hac

1133 2034 1358 2086 receptum

1074 2103 1264 2146 Recens.
1285 2119 1421 2159 nuper
1454 2104 1497 2145 in
1530 2104 1626 2159 ipso
1660 2107 1856 2158 tempore

1076 2176 1292 2218 Recinunt
1313 2211 1319 2218 .
1343 2178 1571 2218 cantantat
1599 2209 1607 2218 .
1635 2176 1830 2219 cantanti
1873 2190 1933 2216 re-

1133 2248 1348 2303 spondent

1075 2319 1414 2375 Receptaculum
1435 2353 1444 2361 .
1464 2319 1766 2361 habitaculum

1074 2392 1362 2448 Recipiendas
1384 2426 1392 2433 .
1413 2392 1729 2447 recuperandas
1953 2404 1988 2428 45

1074 2465 1289 2507 Recursat
1310 2499 1317 2506 .
1338 2464 1528 2506 reuoluit
1560 2463 1745 2505 recurrit

1074 2536 1288 2580 Recessus
1311 2571 1319 2579 .
1339 2537 1460 2579 locus
1494 2538 1685 2578 secretus

1075 2609 1347 2652 Reconciliat
1367 2643 1375 2650 .
1397 2608 1606 2650 reamicat

1073 2681 1279 2724 Recisum
1301 2715 1309 2723 .
1330 2680 1552 2722 subcisum

1073 2753 1324 2795 Recondam
1346 2785 1355 2794 .
1376 2767 1584 2807 reponam
1953 2767 1988 2791 50

1074 2823 1394 2880 Redargue1·e⁵)
1417 2858 1425 2865 .
1446 2823 1679 2878 reprobare
1695 2854 1704 2862 .
1719 2821 1787 2862 uel
1809 2821 1934 2863 casti-

1134 2910 1236 2952 gare

278 3063 312 3106 1)
338 3051 363 3095 n
387 3072 432 3096 esc
457 3072 474 3095 s
500 3071 590 3096 corr.
620 3062 632 3106 ΙΙ
663 3064 698 3106 2)
726 3072 765 3097 es
790 3072 870 3107 sup.
897 3073 963 3098 ser.
993 3063 1005 3107 ΙΙ
1036 3063 1072 3107 3)
1098 3060 1111 3094 i
1136 3071 1181 3095 em
1206 3071 1230 3094 u
1255 3069 1346 3095 corr.
1376 3060 1388 3104 11
1419 3061 1454 3102 4)
1482 3061 1579 3095 1-2
1604 3059 1748 3096 litterae
1773 3071 1897 3097 erasae
1922 3061 1935 3108 ΙΙ

183 3123 218 3166 5)
245 3132 264 3156 6
285 3125 369 3166 post
395 3132 419 3154 u
444 3131 523 3166 sup.
550 3132 616 3156 ser.
637 3122 650 3166 ss
