<?xml version="1.0" encoding="UTF-8"?>
<!DOCTYPE html PUBLIC "-//W3C//DTD XHTML 1.0 Transitional//EN"
    "http://www.w3.org/TR/xhtml1/DTD/xhtml1-transitional.dtd">
<html xmlns="http://www.w3.org/1999/xhtml" xml:lang="en" lang="en">
 <head>
  <title>
</title>
<meta http-equiv="Content-Type" content="text/html;charset=utf-8" />
  <meta name='ocr-system' content='tesseract 3.04.00' />
  <meta name='ocr-capabilities' content='ocr_page ocr_carea ocr_par ocr_line ocrx_word'/>
</head>
<body>
  <div class='ocr_page' id='page_1' title='image "./corpusglossarior05linduoft/corpusglossarior05linduoft_0590.png"; bbox 0 0 2221 3490; ppageno 0'>
   <div class='ocr_carea' id='block_1_1' title="bbox 190 154 276 195">
    <p class='ocr_par' dir='ltr' id='par_1_1' title="bbox 190 154 276 195">
     <span class='ocr_line' id='line_1_1' title="bbox 190 154 276 195; baseline 0 0"><span class='ocrx_word' id='word_1_1' title='bbox 190 154 276 195; x_wconf 72' lang='lat'>:348</span> 
     </span>
    </p>
   </div>
   <div class='ocr_carea' id='block_1_2' title="bbox 187 263 1045 462">
    <p class='ocr_par' dir='ltr' id='par_1_2' title="bbox 187 263 1045 462">
     <span class='ocr_line' id='line_1_2' title="bbox 188 263 1045 318; baseline -0.004 -11"><span class='ocrx_word' id='word_1_2' title='bbox 188 265 500 307; x_wconf 81' lang='lat' dir='ltr'>Elimentarius</span> <span class='ocrx_word' id='word_1_3' title='bbox 551 263 624 318; x_wconf 90' lang='lat' dir='ltr'>qui</span> <span class='ocrx_word' id='word_1_4' title='bbox 668 266 831 305; x_wconf 85' lang='lat' dir='ltr'>tractat</span> <span class='ocrx_word' id='word_1_5' title='bbox 877 263 927 304; x_wconf 92' lang='lat' dir='ltr'>de</span> <span class='ocrx_word' id='word_1_6' title='bbox 974 263 1045 304; x_wconf 88' lang='lat' dir='ltr'>eli-</span> 
     </span>
     <span class='ocr_line' id='line_1_3' title="bbox 252 336 409 378; baseline 0 -1"><span class='ocrx_word' id='word_1_7' title='bbox 252 336 409 378; x_wconf 86' lang='lat' dir='ltr'>mentis</span> 
     </span>
     <span class='ocr_line' id='line_1_4' title="bbox 187 406 500 462; baseline -0.006 -13"><span class='ocrx_word' id='word_1_8' title='bbox 187 408 367 462; x_wconf 84' lang='lat' dir='ltr'>Epiuati</span> <span class='ocrx_word' id='word_1_9' title='bbox 400 406 500 448; x_wconf 85' lang='lat' dir='ltr'>laici</span> 
     </span>
    </p>
   </div>
   <div class='ocr_carea' id='block_1_3' title="bbox 134 502 1047 1060">
    <p class='ocr_par' dir='ltr' id='par_1_3' title="bbox 134 502 1047 1060">
     <span class='ocr_line' id='line_1_5' title="bbox 187 502 734 558; baseline 0 -15"><span class='ocrx_word' id='word_1_10' title='bbox 187 502 453 544; x_wconf 81' lang='lat' dir='ltr'>Fenerantes</span> <span class='ocrx_word' id='word_1_11' title='bbox 486 505 734 558; x_wconf 64' lang='lat' dir='ltr'>prestantes</span> 
     </span>
     <span class='ocr_line' id='line_1_6' title="bbox 163 574 725 616; baseline -0.002 -1"><span class='ocrx_word' id='word_1_12' title='bbox 163 575 166 578; x_wconf 65' lang='grc'>’</span> <span class='ocrx_word' id='word_1_13' title='bbox 187 574 486 616; x_wconf 80' lang='lat' dir='ltr'>Frustrarium</span> <span class='ocrx_word' id='word_1_14' title='bbox 518 574 725 616; x_wconf 82' lang='lat' dir='ltr'>inuanuni</span> 
     </span>
     <span class='ocr_line' id='line_1_7' title="bbox 150 646 604 688; baseline 0.004 -3"><span class='ocrx_word' id='word_1_15' title='bbox 150 662 166 685; x_wconf 80' lang='lat'>5</span> <span class='ocrx_word' id='word_1_16' title='bbox 187 646 355 688; x_wconf 85' lang='lat' dir='ltr'>Fauore</span> <span class='ocrx_word' id='word_1_17' title='bbox 389 646 604 688; x_wconf 85' lang='lat' dir='ltr'>adiutorio</span> 
     </span>
     <span class='ocr_line' id='line_1_8' title="bbox 187 718 636 773; baseline -0.002 -14"><span class='ocrx_word' id='word_1_18' title='bbox 187 718 349 760; x_wconf 82' lang='lat' dir='ltr'>Fedare</span> <span class='ocrx_word' id='word_1_19' title='bbox 383 718 636 773; x_wconf 73' lang='lat' dir='ltr'>extinguere</span> 
     </span>
     <span class='ocr_line' id='line_1_9' title="bbox 188 789 659 844; baseline 0 -14"><span class='ocrx_word' id='word_1_20' title='bbox 188 789 401 831; x_wconf 82' lang='lat' dir='ltr'>Funditor</span> <span class='ocrx_word' id='word_1_21' title='bbox 431 804 659 844; x_wconf 85' lang='lat' dir='ltr'>possessor</span> 
     </span>
     <span class='ocr_line' id='line_1_10' title="bbox 185 861 899 903; baseline 0.001 -1"><span class='ocrx_word' id='word_1_22' title='bbox 185 861 369 903; x_wconf 80' lang='lat' dir='ltr'>Frustra</span> <span class='ocrx_word' id='word_1_23' title='bbox 401 861 609 902; x_wconf 80' lang='lat' dir='ltr'>inuanum</span> <span class='ocrx_word' id='word_1_24' title='bbox 644 861 734 902; x_wconf 89' lang='lat' dir='ltr'>sine</span> <span class='ocrx_word' id='word_1_25' title='bbox 769 876 899 903; x_wconf 86' lang='lat' dir='ltr'>causa</span> 
     </span>
     <span class='ocr_line' id='line_1_11' title="bbox 186 934 554 989; baseline 0 -14"><span class='ocrx_word' id='word_1_26' title='bbox 186 934 371 976; x_wconf 83' lang='lat' dir='ltr'>Frenare</span> <span class='ocrx_word' id='word_1_27' title='bbox 404 948 554 989; x_wconf 81' lang='lat' dir='ltr'>regere</span> 
     </span>
     <span class='ocr_line' id='line_1_12' title="bbox 134 1005 1047 1060; baseline -0.001 -13"><span class='ocrx_word' id='word_1_28' title='bbox 134 1019 167 1044; x_wconf 83' lang='lat'>10</span> <span class='ocrx_word' id='word_1_29' title='bbox 187 1005 364 1047; x_wconf 85' lang='lat' dir='ltr'>Fundus</span> <span class='ocrx_word' id='word_1_30' title='bbox 394 1005 685 1060; x_wconf 81' lang='lat' dir='ltr'>possessionis</span> <span class='ocrx_word' id='word_1_31' title='bbox 713 1005 1047 1047; x_wconf 82' lang='lat' dir='ltr'>administratur</span> 
     </span>
    </p>
   </div>
   <div class='ocr_carea' id='block_1_4' title="bbox 131 1099 832 1516">
    <p class='ocr_par' dir='ltr' id='par_1_4' title="bbox 186 1099 814 1144">
     <span class='ocr_line' id='line_1_13' title="bbox 186 1099 814 1144; baseline 0 -1"><span class='ocrx_word' id='word_1_32' title='bbox 186 1099 374 1144; x_wconf 79' lang='lat' dir='ltr'>Gerulus</span> <span class='ocrx_word' id='word_1_33' title='bbox 408 1101 579 1143; x_wconf 85' lang='lat' dir='ltr'>baiulus</span> <span class='ocrx_word' id='word_1_34' title='bbox 614 1102 814 1143; x_wconf 88' lang='lat' dir='ltr'>minister</span> 
     </span>
    </p>

    <p class='ocr_par' dir='ltr' id='par_1_5' title="bbox 186 1172 405 1214">
     <span class='ocr_line' id='line_1_14' title="bbox 186 1172 405 1214; baseline 0 0"><span class='ocrx_word' id='word_1_35' title='bbox 186 1172 309 1214; x_wconf 85' lang='lat' dir='ltr'>Gerit</span> <span class='ocrx_word' id='word_1_36' title='bbox 343 1173 405 1214; x_wconf 88' lang='lat' dir='ltr'>ait</span> 
     </span>
    </p>

    <p class='ocr_par' dir='ltr' id='par_1_6' title="bbox 187 1244 668 1299">
     <span class='ocr_line' id='line_1_15' title="bbox 187 1244 668 1299; baseline 0.004 -13"><span class='ocrx_word' id='word_1_37' title='bbox 187 1244 369 1299; x_wconf 80' lang='lat' dir='ltr'>Gentius</span> <span class='ocrx_word' id='word_1_38' title='bbox 404 1246 668 1288; x_wconf 86' lang='lat' dir='ltr'>domesticus</span> 
     </span>
    </p>

    <p class='ocr_par' dir='ltr' id='par_1_7' title="bbox 131 1317 832 1446">
     <span class='ocr_line' id='line_1_16' title="bbox 187 1317 832 1373; baseline -0.002 -15"><span class='ocrx_word' id='word_1_39' title='bbox 187 1317 423 1359; x_wconf 78' lang='lat' dir='ltr'>Grassatur</span> <span class='ocrx_word' id='word_1_40' title='bbox 455 1318 569 1359; x_wconf 83' lang='lat' dir='ltr'>latro</span> <span class='ocrx_word' id='word_1_41' title='bbox 599 1318 832 1373; x_wconf 71' lang='lat' dir='ltr'>praedatur</span> 
     </span>
     <span class='ocr_line' id='line_1_17' title="bbox 131 1388 560 1446; baseline 0.005 -16"><span class='ocrx_word' id='word_1_42' title='bbox 131 1402 165 1427; x_wconf 69' lang='grc' dir='ltr'>ιε’)</span> <span class='ocrx_word' id='word_1_43' title='bbox 187 1388 422 1431; x_wconf 84' lang='lat' dir='ltr'>Grumulus</span> <span class='ocrx_word' id='word_1_44' title='bbox 457 1404 560 1446; x_wconf 78' lang='lat' dir='ltr'>ager</span> 
     </span>
    </p>

    <p class='ocr_par' dir='ltr' id='par_1_8' title="bbox 187 1460 671 1516">
     <span class='ocr_line' id='line_1_18' title="bbox 187 1460 671 1516; baseline 0.002 -14"><span class='ocrx_word' id='word_1_45' title='bbox 187 1460 346 1516; x_wconf 76' lang='lat' dir='ltr'>Glepas</span> <span class='ocrx_word' id='word_1_46' title='bbox 380 1462 671 1504; x_wconf 84' lang='lat' dir='ltr'>dissensiones</span> 
     </span>
    </p>
   </div>
   <div class='ocr_carea' id='block_1_5' title="bbox 132 1556 1043 2187">
    <p class='ocr_par' dir='ltr' id='par_1_9' title="bbox 184 1556 736 1613">
     <span class='ocr_line' id='line_1_19' title="bbox 184 1556 736 1613; baseline -0.002 -15"><span class='ocrx_word' id='word_1_47' title='bbox 184 1556 364 1613; x_wconf 79' lang='lat' dir='ltr'>Indiget</span> <span class='ocrx_word' id='word_1_48' title='bbox 395 1572 570 1598; x_wconf 87' lang='lat' dir='ltr'>necesse</span> <span class='ocrx_word' id='word_1_49' title='bbox 601 1556 736 1598; x_wconf 82' lang='lat' dir='ltr'>habet</span> 
     </span>
    </p>

    <p class='ocr_par' dir='ltr' id='par_1_10' title="bbox 182 1627 1042 1754">
     <span class='ocr_line' id='line_1_20' title="bbox 182 1627 1042 1671; baseline -0.003 -1"><span class='ocrx_word' id='word_1_50' title='bbox 182 1629 256 1671; x_wconf 90' lang='lat' dir='ltr'>Ius</span> <span class='ocrx_word' id='word_1_51' title='bbox 289 1629 528 1671; x_wconf 85' lang='lat' dir='ltr'>liberorum</span> <span class='ocrx_word' id='word_1_52' title='bbox 561 1631 628 1670; x_wconf 86' lang='lat' dir='ltr'>est</span> <span class='ocrx_word' id='word_1_53' title='bbox 662 1643 759 1670; x_wconf 83' lang='lat' dir='ltr'>cum</span> <span class='ocrx_word' id='word_1_54' title='bbox 795 1630 934 1668; x_wconf 84' lang='lat' dir='ltr'>mater</span> <span class='ocrx_word' id='word_1_55' title='bbox 963 1627 1042 1668; x_wconf 85' lang='lat' dir='ltr'>filii</span> 
     </span>
     <span class='ocr_line' id='line_1_21' title="bbox 245 1699 843 1754; baseline -0.002 -12"><span class='ocrx_word' id='word_1_56' title='bbox 245 1701 331 1742; x_wconf 71' lang='lat' dir='ltr'>d**</span> <span class='ocrx_word' id='word_1_57' title='bbox 364 1701 651 1742; x_wconf 85' lang='lat' dir='ltr'>hereditatem</span> <span class='ocrx_word' id='word_1_58' title='bbox 685 1699 843 1754; x_wconf 83' lang='lat' dir='ltr'>accipit</span> 
     </span>
    </p>

    <p class='ocr_par' dir='ltr' id='par_1_11' title="bbox 184 1771 874 1828">
     <span class='ocr_line' id='line_1_22' title="bbox 184 1771 874 1828; baseline -0.003 -14"><span class='ocrx_word' id='word_1_59' title='bbox 184 1773 400 1814; x_wconf 84' lang='lat' dir='ltr'>Inficiatio</span> <span class='ocrx_word' id='word_1_60' title='bbox 435 1775 501 1814; x_wconf 90' lang='lat' dir='ltr'>est</span> <span class='ocrx_word' id='word_1_61' title='bbox 526 1772 704 1828; x_wconf 82' lang='lat' dir='ltr'>negatio</span> <span class='ocrx_word' id='word_1_62' title='bbox 738 1771 874 1813; x_wconf 87' lang='lat' dir='ltr'>debiti</span> 
     </span>
    </p>

    <p class='ocr_par' dir='ltr' id='par_1_12' title="bbox 132 1843 1043 1900">
     <span class='ocr_line' id='line_1_23' title="bbox 132 1843 1043 1900; baseline 0.001 -17"><span class='ocrx_word' id='word_1_63' title='bbox 132 1859 166 1883; x_wconf 62' lang='grc' dir='ltr'>ρο</span> <span class='ocrx_word' id='word_1_64' title='bbox 186 1845 258 1887; x_wconf 87' lang='lat' dir='ltr'>Ius</span> <span class='ocrx_word' id='word_1_65' title='bbox 293 1845 419 1887; x_wconf 84' lang='lat' dir='ltr'>ciuile</span> <span class='ocrx_word' id='word_1_66' title='bbox 453 1847 520 1886; x_wconf 91' lang='lat' dir='ltr'>est</span> <span class='ocrx_word' id='word_1_67' title='bbox 552 1845 667 1900; x_wconf 84' lang='lat' dir='ltr'>quod</span> <span class='ocrx_word' id='word_1_68' title='bbox 695 1843 876 1900; x_wconf 87' lang='lat' dir='ltr'>quisque</span> <span class='ocrx_word' id='word_1_69' title='bbox 909 1858 1043 1898; x_wconf 87' lang='lat' dir='ltr'>popu-</span> 
     </span>
    </p>

    <p class='ocr_par' dir='ltr' id='par_1_13' title="bbox 244 1915 1043 2030">
     <span class='ocr_line' id='line_1_24' title="bbox 244 1915 1043 1971; baseline -0.004 -12"><span class='ocrx_word' id='word_1_70' title='bbox 244 1918 312 1959; x_wconf 87' lang='lat' dir='ltr'>lus</span> <span class='ocrx_word' id='word_1_71' title='bbox 339 1917 408 1959; x_wconf 87' lang='lat' dir='ltr'>uel</span> <span class='ocrx_word' id='word_1_72' title='bbox 431 1916 586 1959; x_wconf 85' lang='lat' dir='ltr'>ciuitas</span> <span class='ocrx_word' id='word_1_73' title='bbox 615 1916 698 1958; x_wconf 89' lang='lat' dir='ltr'>sibi</span> <span class='ocrx_word' id='word_1_74' title='bbox 724 1915 925 1971; x_wconf 85' lang='lat' dir='ltr'>propriae</span> <span class='ocrx_word' id='word_1_75' title='bbox 948 1931 1043 1957; x_wconf 87' lang='lat' dir='ltr'>con-</span> 
     </span>
     <span class='ocr_line' id='line_1_25' title="bbox 246 1989 392 2030; baseline 0 0"><span class='ocrx_word' id='word_1_76' title='bbox 246 1989 392 2030; x_wconf 86' lang='lat' dir='ltr'>stituit</span> 
     </span>
    </p>

    <p class='ocr_par' dir='ltr' id='par_1_14' title="bbox 186 2060 717 2117">
     <span class='ocr_line' id='line_1_26' title="bbox 186 2060 717 2117; baseline -0.002 -15"><span class='ocrx_word' id='word_1_77' title='bbox 186 2060 355 2117; x_wconf 81' lang='lat' dir='ltr'>Iugiter</span> <span class='ocrx_word' id='word_1_78' title='bbox 385 2063 717 2116; x_wconf 86' lang='lat' dir='ltr'>perseueranter</span> 
     </span>
    </p>

    <p class='ocr_par' dir='ltr' id='par_1_15' title="bbox 187 2131 957 2187">
     <span class='ocr_line' id='line_1_27' title="bbox 187 2131 957 2187; baseline -0.001 -14"><span class='ocrx_word' id='word_1_79' title='bbox 187 2132 402 2175; x_wconf 85' lang='lat' dir='ltr'>Iudicario</span> <span class='ocrx_word' id='word_1_80' title='bbox 434 2135 632 2187; x_wconf 86' lang='lat' dir='ltr'>potestas</span> <span class='ocrx_word' id='word_1_81' title='bbox 667 2147 764 2174; x_wconf 88' lang='lat' dir='ltr'>cum</span> <span class='ocrx_word' id='word_1_82' title='bbox 796 2131 957 2173; x_wconf 85' lang='lat' dir='ltr'>iudicio</span> 
     </span>
    </p>
   </div>
   <div class='ocr_carea' id='block_1_6' title="bbox 135 2237 1046 2583">
    <p class='ocr_par' dir='ltr' id='par_1_16' title="bbox 135 2237 1046 2583">
     <span class='ocr_line' id='line_1_28' title="bbox 187 2237 1046 2297; baseline -0.002 -15"><span class='ocrx_word' id='word_1_83' title='bbox 187 2240 471 2283; x_wconf 84' lang='lat' dir='ltr'>Manticulare</span> <span class='ocrx_word' id='word_1_84' title='bbox 492 2240 691 2282; x_wconf 85' lang='lat' dir='ltr'>fraudare</span> <span class='ocrx_word' id='word_1_85' title='bbox 713 2237 805 2297; x_wconf 85' lang='lat' dir='ltr'>(are</span> <span class='ocrx_word' id='word_1_86' title='bbox 826 2254 875 2281; x_wconf 75' lang='lat' dir='ltr'>ex</span> <span class='ocrx_word' id='word_1_87' title='bbox 893 2255 914 2281; x_wconf 94' lang='lat' dir='ltr'>e</span> <span class='ocrx_word' id='word_1_88' title='bbox 936 2237 1046 2295; x_wconf 61' lang='lat' dir='ltr'>ME)</span> 
     </span>
     <span class='ocr_line' id='line_1_29' title="bbox 245 2312 388 2354; baseline 0.007 -1"><span class='ocrx_word' id='word_1_89' title='bbox 245 2312 388 2354; x_wconf 83' lang='lat' dir='ltr'>furate</span> 
     </span>
     <span class='ocr_line' id='line_1_30' title="bbox 186 2381 1045 2439; baseline -0.002 -14"><span class='ocrx_word' id='word_1_90' title='bbox 186 2383 480 2439; x_wconf 84' lang='lat' dir='ltr'>Manipulares</span> <span class='ocrx_word' id='word_1_91' title='bbox 521 2383 585 2438; x_wconf 90' lang='lat' dir='ltr'>(es</span> <span class='ocrx_word' id='word_1_92' title='bbox 611 2398 660 2425; x_wconf 76' lang='lat' dir='ltr'>ex</span> <span class='ocrx_word' id='word_1_93' title='bbox 685 2383 722 2425; x_wconf 86' lang='lat' dir='ltr'>is</span> <span class='ocrx_word' id='word_1_94' title='bbox 756 2381 871 2439; x_wconf 50' lang='lat' dir='ltr'>onst)</span> <span class='ocrx_word' id='word_1_95' title='bbox 912 2383 1045 2437; x_wconf 88' lang='lat' dir='ltr'>porti-</span> 
     </span>
     <span class='ocr_line' id='line_1_31' title="bbox 248 2458 364 2497; baseline 0 -1"><span class='ocrx_word' id='word_1_96' title='bbox 248 2458 364 2497; x_wconf 88' lang='lat' dir='ltr'>tores</span> 
     </span>
     <span class='ocr_line' id='line_1_32' title="bbox 135 2526 865 2583; baseline 0.003 -18"><span class='ocrx_word' id='word_1_97' title='bbox 135 2541 168 2565; x_wconf 78' lang='lat'>25</span> <span class='ocrx_word' id='word_1_98' title='bbox 188 2527 397 2583; x_wconf 81' lang='lat' dir='ltr'>Mastigia</span> <span class='ocrx_word' id='word_1_99' title='bbox 428 2527 602 2582; x_wconf 80' lang='lat' dir='ltr'>flagella</span> <span class='ocrx_word' id='word_1_100' title='bbox 634 2527 703 2568; x_wconf 87' lang='lat' dir='ltr'>uel</span> <span class='ocrx_word' id='word_1_101' title='bbox 739 2526 865 2582; x_wconf 81' lang='lat' dir='ltr'>uirga</span> 
     </span>
    </p>
   </div>
   <div class='ocr_carea' id='block_1_7' title="bbox 589 153 1542 189">
    <p class='ocr_par' dir='ltr' id='par_1_17' title="bbox 589 153 1542 189">
     <span class='ocr_line' id='line_1_33' title="bbox 589 153 1542 189; baseline 0 -1"><span class='ocrx_word' id='word_1_102' title='bbox 589 154 845 189; x_wconf 79' lang='lat' dir='ltr'><strong>EXCERPTA</strong></span> <span class='ocrx_word' id='word_1_103' title='bbox 871 154 935 187; x_wconf 83' lang='lat' dir='ltr'>EX</span> <span class='ocrx_word' id='word_1_104' title='bbox 965 153 1138 188; x_wconf 86' lang='lat' dir='ltr'>CODICE</span> <span class='ocrx_word' id='word_1_105' title='bbox 1166 153 1447 189; x_wconf 78' lang='lat' dir='ltr'>CASSINENSI</span> <span class='ocrx_word' id='word_1_106' title='bbox 1474 158 1542 188; x_wconf 76' lang='lat'>402</span> 
     </span>
    </p>
   </div>
   <div class='ocr_carea' id='block_1_8' title="bbox 1083 263 1999 664">
    <p class='ocr_par' dir='ltr' id='par_1_18' title="bbox 1085 263 1866 319">
     <span class='ocr_line' id='line_1_34' title="bbox 1085 263 1866 319; baseline 0.003 -14"><span class='ocrx_word' id='word_1_107' title='bbox 1085 263 1276 305; x_wconf 84' lang='lat' dir='ltr'>Mercare</span> <span class='ocrx_word' id='word_1_108' title='bbox 1309 264 1495 305; x_wconf 86' lang='lat' dir='ltr'>uendere</span> <span class='ocrx_word' id='word_1_109' title='bbox 1528 264 1597 305; x_wconf 87' lang='lat' dir='ltr'>uel</span> <span class='ocrx_word' id='word_1_110' title='bbox 1632 279 1866 319; x_wconf 87' lang='lat' dir='ltr'>conparare</span> 
     </span>
    </p>

    <p class='ocr_par' dir='ltr' id='par_1_19' title="bbox 1084 335 1877 391">
     <span class='ocr_line' id='line_1_35' title="bbox 1084 335 1877 391; baseline 0.004 -15"><span class='ocrx_word' id='word_1_111' title='bbox 1084 335 1252 378; x_wconf 86' lang='lat' dir='ltr'>Metum</span> <span class='ocrx_word' id='word_1_112' title='bbox 1284 335 1471 378; x_wconf 90' lang='lat' dir='ltr'>incussit</span> <span class='ocrx_word' id='word_1_113' title='bbox 1504 337 1691 391; x_wconf 87' lang='lat' dir='ltr'>imperat</span> <span class='ocrx_word' id='word_1_114' title='bbox 1724 337 1877 379; x_wconf 86' lang='lat' dir='ltr'>timere</span> 
     </span>
    </p>

    <p class='ocr_par' dir='ltr' id='par_1_20' title="bbox 1083 407 1720 463">
     <span class='ocr_line' id='line_1_36' title="bbox 1083 407 1720 463; baseline -0.002 -14"><span class='ocrx_word' id='word_1_115' title='bbox 1083 407 1257 463; x_wconf 88' lang='lat' dir='ltr'>Meapte</span> <span class='ocrx_word' id='word_1_116' title='bbox 1291 423 1387 449; x_wconf 86' lang='lat' dir='ltr'>mea</span> <span class='ocrx_word' id='word_1_117' title='bbox 1418 407 1556 462; x_wconf 86' lang='lat' dir='ltr'>ipsius</span> <span class='ocrx_word' id='word_1_118' title='bbox 1590 422 1720 449; x_wconf 86' lang='lat' dir='ltr'>causa</span> 
     </span>
    </p>

    <p class='ocr_par' dir='ltr' id='par_1_21' title="bbox 1084 477 1944 592">
     <span class='ocr_line' id='line_1_37' title="bbox 1084 477 1944 536; baseline 0.001 -16"><span class='ocrx_word' id='word_1_119' title='bbox 1084 479 1254 521; x_wconf 81' lang='lat' dir='ltr'>Medela</span> <span class='ocrx_word' id='word_1_120' title='bbox 1275 477 1334 536; x_wconf 82' lang='lat' dir='ltr'>(el</span> <span class='ocrx_word' id='word_1_121' title='bbox 1353 493 1400 520; x_wconf 73' lang='lat' dir='ltr'>ex</span> <span class='ocrx_word' id='word_1_122' title='bbox 1419 478 1449 519; x_wconf 91' lang='lat' dir='ltr'>il</span> <span class='ocrx_word' id='word_1_123' title='bbox 1472 477 1581 534; x_wconf 57' lang='grc' dir='ltr'>ΜΣ)</span> <span class='ocrx_word' id='word_1_124' title='bbox 1603 479 1813 521; x_wconf 87' lang='lat' dir='ltr'>memoria</span> <span class='ocrx_word' id='word_1_125' title='bbox 1834 480 1944 522; x_wconf 85' lang='lat' dir='ltr'>sani-</span> 
     </span>
     <span class='ocr_line' id='line_1_38' title="bbox 1144 552 1249 592; baseline 0 0"><span class='ocrx_word' id='word_1_126' title='bbox 1144 552 1249 592; x_wconf 85' lang='lat' dir='ltr'>tatis</span> 
     </span>
    </p>

    <p class='ocr_par' dir='ltr' id='par_1_22' title="bbox 1083 622 1999 664">
     <span class='ocr_line' id='line_1_39' title="bbox 1083 622 1999 664; baseline -0.004 0"><span class='ocrx_word' id='word_1_127' title='bbox 1083 622 1251 664; x_wconf 86' lang='lat' dir='ltr'>Medius</span> <span class='ocrx_word' id='word_1_128' title='bbox 1284 623 1412 663; x_wconf 88' lang='lat' dir='ltr'>fidius</span> <span class='ocrx_word' id='word_1_129' title='bbox 1445 622 1745 664; x_wconf 85' lang='lat' dir='ltr'>iusiurandum</span> <span class='ocrx_word' id='word_1_130' title='bbox 1965 637 1999 661; x_wconf 84' lang='lat'>30</span> 
     </span>
    </p>
   </div>
   <div class='ocr_carea' id='block_1_9' title="bbox 1084 694 1563 808">
    <p class='ocr_par' dir='ltr' id='par_1_23' title="bbox 1084 694 1563 808">
     <span class='ocr_line' id='line_1_40' title="bbox 1084 694 1538 736; baseline 0.002 -1"><span class='ocrx_word' id='word_1_131' title='bbox 1084 694 1357 736; x_wconf 90' lang='lat' dir='ltr'>Momentum</span> <span class='ocrx_word' id='word_1_132' title='bbox 1391 695 1538 736; x_wconf 85' lang='lat' dir='ltr'>subito</span> 
     </span>
     <span class='ocr_line' id='line_1_41' title="bbox 1084 765 1563 808; baseline 0.002 -1"><span class='ocrx_word' id='word_1_133' title='bbox 1084 765 1287 807; x_wconf 81' lang='lat' dir='ltr'>Metanda</span> <span class='ocrx_word' id='word_1_134' title='bbox 1323 767 1563 808; x_wconf 87' lang='lat' dir='ltr'>dubitanda</span> 
     </span>
    </p>
   </div>
   <div class='ocr_carea' id='block_1_10' title="bbox 1085 873 1999 1145">
    <p class='ocr_par' dir='ltr' id='par_1_24' title="bbox 1085 873 1677 930">
     <span class='ocr_line' id='line_1_42' title="bbox 1085 873 1677 930; baseline 0 -15"><span class='ocrx_word' id='word_1_135' title='bbox 1085 873 1251 915; x_wconf 81' lang='lat' dir='ltr'>Natura</span> <span class='ocrx_word' id='word_1_136' title='bbox 1284 889 1440 929; x_wconf 83' lang='lat' dir='ltr'>corpus</span> <span class='ocrx_word' id='word_1_137' title='bbox 1474 876 1677 930; x_wconf 80' lang='lat' dir='ltr'>genitura</span> 
     </span>
    </p>

    <p class='ocr_par' dir='ltr' id='par_1_25' title="bbox 1085 944 1698 1003">
     <span class='ocr_line' id='line_1_43' title="bbox 1085 944 1698 1003; baseline 0.003 -17"><span class='ocrx_word' id='word_1_138' title='bbox 1085 945 1218 987; x_wconf 87' lang='lat' dir='ltr'>Nicto</span> <span class='ocrx_word' id='word_1_139' title='bbox 1252 944 1286 1002; x_wconf 92' lang='lat' dir='ltr'>(i</span> <span class='ocrx_word' id='word_1_140' title='bbox 1312 960 1360 987; x_wconf 69' lang='lat' dir='ltr'>ex</span> <span class='ocrx_word' id='word_1_141' title='bbox 1386 961 1408 987; x_wconf 89' lang='lat' dir='ltr'>e</span> <span class='ocrx_word' id='word_1_142' title='bbox 1435 944 1551 1003; x_wconf 67' lang='lat' dir='ltr'>mZ)</span> <span class='ocrx_word' id='word_1_143' title='bbox 1584 946 1698 988; x_wconf 88' lang='lat' dir='ltr'>latro</span> 
     </span>
    </p>

    <p class='ocr_par' dir='ltr' id='par_1_26' title="bbox 1086 1016 1999 1145">
     <span class='ocr_line' id='line_1_44' title="bbox 1086 1016 1999 1076; baseline 0.001 -18"><span class='ocrx_word' id='word_1_144' title='bbox 1086 1017 1228 1059; x_wconf 83' lang='lat' dir='ltr'>Nictit</span> <span class='ocrx_word' id='word_1_145' title='bbox 1268 1032 1366 1059; x_wconf 87' lang='lat' dir='ltr'>cum</span> <span class='ocrx_word' id='word_1_146' title='bbox 1398 1020 1526 1059; x_wconf 89' lang='lat' dir='ltr'>acuto</span> <span class='ocrx_word' id='word_1_147' title='bbox 1560 1018 1655 1059; x_wconf 84' lang='lat' dir='ltr'>cani</span> <span class='ocrx_word' id='word_1_148' title='bbox 1695 1016 1735 1074; x_wconf 86' lang='lat' dir='ltr'>(i</span> <span class='ocrx_word' id='word_1_149' title='bbox 1767 1032 1787 1060; x_wconf 82' lang='lat' dir='ltr'>e</span> <span class='ocrx_word' id='word_1_150' title='bbox 1817 1018 1943 1076; x_wconf 75' lang='lat' dir='ltr'>corr.)</span> <span class='ocrx_word' id='word_1_151' title='bbox 1965 1031 1999 1056; x_wconf 80' lang='lat'>35</span> 
     </span>
     <span class='ocr_line' id='line_1_45' title="bbox 1146 1089 1300 1145; baseline 0 -15"><span class='ocrx_word' id='word_1_152' title='bbox 1146 1089 1300 1145; x_wconf 79' lang='lat' dir='ltr'>gannit</span> 
     </span>
    </p>
   </div>
   <div class='ocr_carea' id='block_1_11' title="bbox 1084 1194 1945 1528">
    <p class='ocr_par' dir='ltr' id='par_1_27' title="bbox 1085 1194 1945 1326">
     <span class='ocr_line' id='line_1_46' title="bbox 1085 1194 1945 1253; baseline 0.002 -15"><span class='ocrx_word' id='word_1_153' title='bbox 1085 1194 1284 1239; x_wconf 81' lang='lat' dir='ltr'>Oratoris</span> <span class='ocrx_word' id='word_1_154' title='bbox 1329 1197 1465 1253; x_wconf 81' lang='lat' dir='ltr'>legati</span> <span class='ocrx_word' id='word_1_155' title='bbox 1511 1197 1633 1239; x_wconf 88' lang='lat' dir='ltr'>missi</span> <span class='ocrx_word' id='word_1_156' title='bbox 1676 1212 1755 1252; x_wconf 88' lang='lat' dir='ltr'>pro</span> <span class='ocrx_word' id='word_1_157' title='bbox 1801 1199 1945 1253; x_wconf 82' lang='lat' dir='ltr'>patria</span> 
     </span>
     <span class='ocr_line' id='line_1_47' title="bbox 1142 1267 1942 1326; baseline 0.004 -16"><span class='ocrx_word' id='word_1_158' title='bbox 1142 1269 1213 1311; x_wconf 84' lang='lat' dir='ltr'>uel</span> <span class='ocrx_word' id='word_1_159' title='bbox 1231 1268 1437 1311; x_wconf 78' lang='lat' dir='ltr'>causidici</span> <span class='ocrx_word' id='word_1_160' title='bbox 1459 1267 1519 1324; x_wconf 86' lang='lat' dir='ltr'>(id</span> <span class='ocrx_word' id='word_1_161' title='bbox 1535 1283 1583 1311; x_wconf 64' lang='grc' dir='ltr'>σευ</span> <span class='ocrx_word' id='word_1_162' title='bbox 1596 1267 1718 1326; x_wconf 78' lang='lat' dir='ltr'>corr.)</span> <span class='ocrx_word' id='word_1_163' title='bbox 1741 1270 1942 1313; x_wconf 83' lang='lat' dir='ltr'>aduocati</span> 
     </span>
    </p>

    <p class='ocr_par' dir='ltr' id='par_1_28' title="bbox 1084 1341 1494 1397">
     <span class='ocr_line' id='line_1_48' title="bbox 1084 1341 1494 1397; baseline 0.002 -15"><span class='ocrx_word' id='word_1_164' title='bbox 1084 1341 1262 1397; x_wconf 84' lang='lat' dir='ltr'>Operire</span> <span class='ocrx_word' id='word_1_165' title='bbox 1296 1344 1494 1396; x_wconf 85' lang='lat' dir='ltr'>spectare</span> 
     </span>
    </p>

    <p class='ocr_par' dir='ltr' id='par_1_29' title="bbox 1084 1413 1322 1455">
     <span class='ocr_line' id='line_1_49' title="bbox 1084 1413 1322 1455; baseline 0 -1"><span class='ocrx_word' id='word_1_166' title='bbox 1084 1413 1197 1455; x_wconf 76' lang='lat' dir='ltr'>Ollio</span> <span class='ocrx_word' id='word_1_167' title='bbox 1230 1414 1322 1455; x_wconf 88' lang='lat' dir='ltr'>illic</span> 
     </span>
    </p>

    <p class='ocr_par' dir='ltr' id='par_1_30' title="bbox 1085 1484 1516 1528">
     <span class='ocr_line' id='line_1_50' title="bbox 1085 1484 1516 1528; baseline 0 -2"><span class='ocrx_word' id='word_1_168' title='bbox 1085 1484 1281 1528; x_wconf 86' lang='lat' dir='ltr'>Obiciter</span> <span class='ocrx_word' id='word_1_169' title='bbox 1318 1485 1516 1527; x_wconf 72' lang='lat' dir='ltr'>celeriter</span> 
     </span>
    </p>
   </div>
   <div class='ocr_carea' id='block_1_12' title="bbox 1080 1592 2002 2511">
    <p class='ocr_par' dir='ltr' id='par_1_31' title="bbox 1080 1592 2002 2511">
     <span class='ocr_line' id='line_1_51' title="bbox 1083 1592 2001 1648; baseline 0.003 -15"><span class='ocrx_word' id='word_1_170' title='bbox 1083 1592 1336 1634; x_wconf 84' lang='lat' dir='ltr'>Pernitiosa</span> <span class='ocrx_word' id='word_1_171' title='bbox 1368 1593 1497 1634; x_wconf 88' lang='lat' dir='ltr'>nimis</span> <span class='ocrx_word' id='word_1_172' title='bbox 1532 1593 1709 1648; x_wconf 83' lang='lat' dir='ltr'>copiosa</span> <span class='ocrx_word' id='word_1_173' title='bbox 1965 1606 2001 1630; x_wconf 80' lang='lat'>40</span> 
     </span>
     <span class='ocr_line' id='line_1_52' title="bbox 1082 1664 1668 1719; baseline 0.002 -14"><span class='ocrx_word' id='word_1_174' title='bbox 1082 1664 1296 1706; x_wconf 86' lang='lat' dir='ltr'>Pomilius</span> <span class='ocrx_word' id='word_1_175' title='bbox 1329 1680 1465 1719; x_wconf 82' lang='lat' dir='ltr'>parua</span> <span class='ocrx_word' id='word_1_176' title='bbox 1498 1668 1668 1707; x_wconf 87' lang='lat' dir='ltr'>statura</span> 
     </span>
     <span class='ocr_line' id='line_1_53' title="bbox 1080 1736 1707 1792; baseline 0.002 -14"><span class='ocrx_word' id='word_1_177' title='bbox 1080 1736 1276 1778; x_wconf 62' lang='lat' dir='ltr'>Palleat—,a</span> <span class='ocrx_word' id='word_1_178' title='bbox 1309 1737 1424 1791; x_wconf 87' lang='lat' dir='ltr'>quod</span> <span class='ocrx_word' id='word_1_179' title='bbox 1458 1740 1524 1778; x_wconf 88' lang='lat' dir='ltr'>est</span> <span class='ocrx_word' id='word_1_180' title='bbox 1556 1740 1707 1792; x_wconf 81' lang='lat' dir='ltr'>aperta</span> 
     </span>
     <span class='ocr_line' id='line_1_54' title="bbox 1080 1807 1621 1851; baseline 0.002 -2"><span class='ocrx_word' id='word_1_181' title='bbox 1080 1807 1334 1851; x_wconf 83' lang='lat' dir='ltr'>Patrocinia</span> <span class='ocrx_word' id='word_1_182' title='bbox 1365 1808 1621 1850; x_wconf 71' lang='lat' dir='ltr'>intercessio</span> 
     </span>
     <span class='ocr_line' id='line_1_55' title="bbox 1080 1879 1808 1935; baseline 0.001 -14"><span class='ocrx_word' id='word_1_183' title='bbox 1080 1879 1281 1921; x_wconf 83' lang='lat' dir='ltr'>Profanis</span> <span class='ocrx_word' id='word_1_184' title='bbox 1314 1880 1516 1935; x_wconf 87' lang='lat' dir='ltr'>pessimis</span> <span class='ocrx_word' id='word_1_185' title='bbox 1549 1883 1593 1921; x_wconf 90' lang='lat' dir='ltr'>et</span> <span class='ocrx_word' id='word_1_186' title='bbox 1626 1881 1808 1922; x_wconf 83' lang='lat' dir='ltr'>inlicitis</span> 
     </span>
     <span class='ocr_line' id='line_1_56' title="bbox 1085 1951 2001 2008; baseline 0 -14"><span class='ocrx_word' id='word_1_187' title='bbox 1085 1951 1296 2008; x_wconf 76' lang='lat' dir='ltr'>Peruigili</span> <span class='ocrx_word' id='word_1_188' title='bbox 1330 1967 1500 2007; x_wconf 88' lang='lat' dir='ltr'>semper</span> <span class='ocrx_word' id='word_1_189' title='bbox 1531 1952 1736 2008; x_wconf 82' lang='lat' dir='ltr'>uigilanti</span> <span class='ocrx_word' id='word_1_190' title='bbox 1965 1962 2001 1988; x_wconf 83' lang='grc'>45</span> 
     </span>
     <span class='ocr_line' id='line_1_57' title="bbox 1085 2023 1714 2078; baseline 0 -12"><span class='ocrx_word' id='word_1_191' title='bbox 1085 2024 1252 2078; x_wconf 82' lang='lat' dir='ltr'>Pignus</span> <span class='ocrx_word' id='word_1_192' title='bbox 1286 2038 1383 2065; x_wconf 87' lang='lat' dir='ltr'>arra</span> <span class='ocrx_word' id='word_1_193' title='bbox 1415 2023 1506 2077; x_wconf 64' lang='lat' dir='ltr'>uite</span> <span class='ocrx_word' id='word_1_194' title='bbox 1540 2027 1714 2066; x_wconf 85' lang='lat' dir='ltr'>aeterne</span> 
     </span>
     <span class='ocr_line' id='line_1_58' title="bbox 1084 2095 1719 2150; baseline 0.002 -13"><span class='ocrx_word' id='word_1_195' title='bbox 1084 2095 1328 2138; x_wconf 86' lang='lat' dir='ltr'>Preiudicio</span> <span class='ocrx_word' id='word_1_196' title='bbox 1362 2095 1525 2150; x_wconf 83' lang='lat' dir='ltr'>absque</span> <span class='ocrx_word' id='word_1_197' title='bbox 1558 2096 1719 2138; x_wconf 88' lang='lat' dir='ltr'>iudicio</span> 
     </span>
     <span class='ocr_line' id='line_1_59' title="bbox 1086 2166 1685 2209; baseline 0 -1"><span class='ocrx_word' id='word_1_198' title='bbox 1086 2166 1372 2209; x_wconf 85' lang='lat' dir='ltr'>Parsimoniis</span> <span class='ocrx_word' id='word_1_199' title='bbox 1406 2167 1685 2209; x_wconf 70' lang='lat' dir='ltr'>abstinentiis</span> 
     </span>
     <span class='ocr_line' id='line_1_60' title="bbox 1088 2237 1629 2294; baseline 0 -14"><span class='ocrx_word' id='word_1_200' title='bbox 1088 2238 1362 2294; x_wconf 78' lang='lat' dir='ltr'>propiciatus</span> <span class='ocrx_word' id='word_1_201' title='bbox 1398 2237 1629 2294; x_wconf 83' lang='lat' dir='ltr'>mitigatus</span> 
     </span>
     <span class='ocr_line' id='line_1_61' title="bbox 1085 2309 2002 2365; baseline 0.002 -14"><span class='ocrx_word' id='word_1_202' title='bbox 1085 2309 1320 2352; x_wconf 86' lang='lat' dir='ltr'>Postumus</span> <span class='ocrx_word' id='word_1_203' title='bbox 1342 2312 1443 2365; x_wconf 89' lang='lat' dir='ltr'>post</span> <span class='ocrx_word' id='word_1_204' title='bbox 1459 2314 1644 2352; x_wconf 83' lang='lat' dir='ltr'>mortem</span> <span class='ocrx_word' id='word_1_205' title='bbox 1662 2310 1801 2365; x_wconf 83' lang='lat' dir='ltr'>patris</span> <span class='ocrx_word' id='word_1_206' title='bbox 1817 2313 1946 2353; x_wconf 86' lang='lat' dir='ltr'>natus</span> <span class='ocrx_word' id='word_1_207' title='bbox 1967 2322 2002 2347; x_wconf 87' lang='lat'>50</span> 
     </span>
     <span class='ocr_line' id='line_1_62' title="bbox 1083 2381 1945 2436; baseline 0.002 -14"><span class='ocrx_word' id='word_1_208' title='bbox 1083 2381 1205 2423; x_wconf 86' lang='lat' dir='ltr'>Palla</span> <span class='ocrx_word' id='word_1_209' title='bbox 1237 2381 1372 2423; x_wconf 88' lang='lat' dir='ltr'>uestis</span> <span class='ocrx_word' id='word_1_210' title='bbox 1407 2382 1605 2436; x_wconf 86' lang='lat' dir='ltr'>superior</span> <span class='ocrx_word' id='word_1_211' title='bbox 1638 2385 1714 2424; x_wconf 86' lang='lat' dir='ltr'>aut</span> <span class='ocrx_word' id='word_1_212' title='bbox 1745 2382 1945 2424; x_wconf 81' lang='lat' dir='ltr'>clamidis</span> 
     </span>
     <span class='ocr_line' id='line_1_63' title="bbox 1084 2453 1947 2511; baseline 0.003 -18"><span class='ocrx_word' id='word_1_213' title='bbox 1084 2453 1306 2494; x_wconf 88' lang='lat' dir='ltr'>Polleatur</span> <span class='ocrx_word' id='word_1_214' title='bbox 1339 2454 1607 2496; x_wconf 84' lang='lat' dir='ltr'>confariatur</span> <span class='ocrx_word' id='word_1_215' title='bbox 1639 2453 1751 2511; x_wconf 81' lang='lat' dir='ltr'>(aria</span> <span class='ocrx_word' id='word_1_216' title='bbox 1784 2455 1947 2496; x_wconf 68' lang='lat' dir='ltr'>litterae</span> 
     </span>
    </p>
   </div>
   <div class='ocr_carea' id='block_1_13' title="bbox 1147 2523 1343 2581">
    <p class='ocr_par' dir='ltr' id='par_1_32' title="bbox 1147 2523 1343 2581">
     <span class='ocr_line' id='line_1_64' title="bbox 1147 2523 1343 2581; baseline 0.005 -15"><span class='ocrx_word' id='word_1_217' title='bbox 1147 2523 1343 2581; x_wconf 61' lang='lat' dir='ltr'>incertae)</span> 
     </span>
    </p>
   </div>
   <div class='ocr_carea' id='block_1_14' title="bbox 370 2802 1760 2850">
    <p class='ocr_par' dir='ltr' id='par_1_33' title="bbox 370 2802 1760 2850">
     <span class='ocr_line' id='line_1_65' title="bbox 370 2802 1760 2850; baseline 0 -1"><span class='ocrx_word' id='word_1_218' title='bbox 370 2804 434 2850; x_wconf 86' lang='lat' dir='ltr'>VI</span> <span class='ocrx_word' id='word_1_219' title='bbox 492 2803 831 2850; x_wconf 70' lang='lat' dir='ltr'>EXCERPTA</span> <span class='ocrx_word' id='word_1_220' title='bbox 871 2802 957 2848; x_wconf 80' lang='lat' dir='ltr'>EX</span> <span class='ocrx_word' id='word_1_221' title='bbox 997 2802 1220 2850; x_wconf 77' lang='lat' dir='ltr'><strong>CODIOE</strong></span> <span class='ocrx_word' id='word_1_222' title='bbox 1261 2802 1635 2850; x_wconf 75' lang='lat' dir='ltr'>OASSINENSI</span> <span class='ocrx_word' id='word_1_223' title='bbox 1673 2804 1760 2849; x_wconf 78' lang='lat'>402</span> 
     </span>
    </p>
   </div>
   <div class='ocr_carea' id='block_1_15' title="bbox 449 2893 1716 2942">
    <p class='ocr_par' dir='ltr' id='par_1_34' title="bbox 449 2893 1716 2942">
     <span class='ocr_line' id='line_1_66' title="bbox 449 2893 1716 2942; baseline -0.001 -13"><span class='ocrx_word' id='word_1_224' title='bbox 449 2894 714 2941; x_wconf 71' lang='lat' dir='ltr'>(Saec‹.1XsX2</span> <span class='ocrx_word' id='word_1_225' title='bbox 747 2905 843 2938; x_wconf 88' lang='lat' dir='ltr'>quae</span> <span class='ocrx_word' id='word_1_226' title='bbox 871 2893 1052 2929; x_wconf 81' lang='lat' dir='ltr'>asterisco</span> <span class='ocrx_word' id='word_1_227' title='bbox 1080 2894 1229 2940; x_wconf 79' lang='lat' dir='ltr'>signavi</span> <span class='ocrx_word' id='word_1_228' title='bbox 1257 2895 1356 2930; x_wconf 83' lang='lat' dir='ltr'>aliae</span> <span class='ocrx_word' id='word_1_229' title='bbox 1382 2908 1429 2931; x_wconf 80' lang='lat' dir='ltr'>ni.</span> <span class='ocrx_word' id='word_1_230' title='bbox 1458 2895 1716 2942; x_wconf 43' lang='lat' dir='ltr'>adiecerunt)</span> 
     </span>
    </p>
   </div>
   <div class='ocr_carea' id='block_1_16' title="bbox 191 2988 826 3118">
    <p class='ocr_par' dir='ltr' id='par_1_35' title="bbox 191 2988 826 3118">
     <span class='ocr_line' id='line_1_67' title="bbox 191 2988 826 3048; baseline 0.002 -16"><span class='ocrx_word' id='word_1_231' title='bbox 191 2988 349 3033; x_wconf 84' lang='lat' dir='ltr'>Abnuo</span> <span class='ocrx_word' id='word_1_232' title='bbox 382 2992 593 3046; x_wconf 87' lang='lat' dir='ltr'>promitto</span> <span class='ocrx_word' id='word_1_233' title='bbox 627 2990 692 3048; x_wconf 73' lang='lat' dir='ltr'>(m</span> <span class='ocrx_word' id='word_1_234' title='bbox 723 2990 826 3048; x_wconf 71' lang='lat' dir='ltr'>ras.)</span> 
     </span>
     <span class='ocr_line' id='line_1_68' title="bbox 196 3062 804 3118; baseline 0.002 -15"><span class='ocrx_word' id='word_1_235' title='bbox 196 3062 385 3104; x_wconf 89' lang='lat' dir='ltr'>Absoleo</span> <span class='ocrx_word' id='word_1_236' title='bbox 417 3064 597 3118; x_wconf 87' lang='lat' dir='ltr'>inquino</span> <span class='ocrx_word' id='word_1_237' title='bbox 631 3063 804 3105; x_wconf 86' lang='lat' dir='ltr'>sordido</span> 
     </span>
    </p>
   </div>
   <div class='ocr_carea' id='block_1_17' title="bbox 1149 2989 1948 3106">
    <p class='ocr_par' dir='ltr' id='par_1_36' title="bbox 1149 2989 1948 3106">
     <span class='ocr_line' id='line_1_69' title="bbox 1149 2989 1948 3049; baseline -0.001 -16"><span class='ocrx_word' id='word_1_238' title='bbox 1149 2993 1240 3048; x_wconf 79' lang='lat' dir='ltr'>regi</span> <span class='ocrx_word' id='word_1_239' title='bbox 1268 3007 1400 3049; x_wconf 82' lang='lat' dir='ltr'>agens</span> <span class='ocrx_word' id='word_1_240' title='bbox 1435 2991 1475 3049; x_wconf 87' lang='lat' dir='ltr'>(s</span> <span class='ocrx_word' id='word_1_241' title='bbox 1502 2994 1555 3035; x_wconf 83' lang='lat' dir='ltr'>al.</span> <span class='ocrx_word' id='word_1_242' title='bbox 1577 3007 1629 3034; x_wconf 79' lang='lat' dir='ltr'>m.</span> <span class='ocrx_word' id='word_1_243' title='bbox 1650 2989 1765 3048; x_wconf 75' lang='lat' dir='ltr'>add.)</span> <span class='ocrx_word' id='word_1_244' title='bbox 1798 2991 1948 3033; x_wconf 88' lang='lat' dir='ltr'>inciui-</span> 
     </span>
     <span class='ocr_line' id='line_1_70' title="bbox 1149 3067 1240 3106; baseline 0.011 -1"><span class='ocrx_word' id='word_1_245' title='bbox 1149 3067 1240 3106; x_wconf 87' lang='lat' dir='ltr'>tate</span> 
     </span>
    </p>
   </div>
   <div class='ocr_carea' id='block_1_18' title="bbox 193 3133 1943 3190">
    <p class='ocr_par' dir='ltr' id='par_1_37' title="bbox 193 3133 1943 3190">
     <span class='ocr_line' id='line_1_71' title="bbox 193 3133 1943 3190; baseline 0.001 -17"><span class='ocrx_word' id='word_1_246' title='bbox 193 3133 582 3176; x_wconf 50' lang='grc' dir='ltr'>ῆιΑ(ῑοηιωοηί-,ῑινὶἱε</span> <span class='ocrx_word' id='word_1_247' title='bbox 634 3135 746 3176; x_wconf 83' lang='lat' dir='ltr'>idest</span> <span class='ocrx_word' id='word_1_248' title='bbox 792 3135 862 3188; x_wconf 83' lang='lat' dir='ltr'>qui</span> <span class='ocrx_word' id='word_1_249' title='bbox 910 3136 1050 3177; x_wconf 87' lang='lat' dir='ltr'>uicem</span> <span class='ocrx_word' id='word_1_250' title='bbox 1090 3136 1306 3178; x_wconf 77' lang='lat' dir='ltr'>Accusare</span> <span class='ocrx_word' id='word_1_251' title='bbox 1350 3139 1416 3177; x_wconf 86' lang='lat' dir='ltr'>est</span> <span class='ocrx_word' id='word_1_252' title='bbox 1460 3150 1608 3190; x_wconf 76' lang='lat' dir='ltr'>parom</span> <span class='ocrx_word' id='word_1_253' title='bbox 1654 3135 1721 3176; x_wconf 86' lang='lat' dir='ltr'>uel</span> <span class='ocrx_word' id='word_1_254' title='bbox 1773 3134 1943 3176; x_wconf 84' lang='lat' dir='ltr'>inferio-</span> 
     </span>
    </p>
   </div>
  </div>
 </body>
</html>
