2221 3490
698 160 955 195 EXCERPTA
983 160 1047 194 EX
1074 160 1266 195 GLOSSIS
1293 160 1517 195 AYNARDI

233 269 456 318 Quatenus
507 284 585 324 pro
633 284 769 324 usque
819 270 998 324 ponitur
1040 272 1090 310 ut

292 340 489 382 horatius

231 482 449 525 Riburrus
482 483 551 525 uel
585 483 770 525 cirratus
805 486 871 525 est
904 484 1072 538 crispus

232 555 405 597 Rancor
438 558 504 596 est
536 555 782 610 indignatio
815 554 948 596 animi

231 626 365 668 Releo
399 629 465 668 est
498 626 711 668 remorior

195 708 210 732 5
234 697 519 739 Rancidulum
535 701 602 739 est
621 698 821 752 putidum
839 697 908 739 uel
926 698 1090 738 oletum

230 769 504 811 Raculiarius
538 772 604 810 est
636 769 815 825 ignarus

228 840 486 882 Ramicosus
519 843 586 881 est
617 840 847 882 herniosus

229 911 500 966 Rependium
534 914 600 953 est
633 911 926 953 remuneratio

230 983 357 1040 Ruga
389 986 456 1025 est
489 997 663 1025 rumcea
694 983 794 1025 hinc
828 997 1014 1039 rugosus

179 1066 210 1091 ιο
233 1054 534 1097 Rummusculi
568 1058 669 1096 sunt
702 1055 852 1097 rafiole

230 1126 392 1168 Remus
439 1129 505 1168 est
549 1126 691 1168 lorum
736 1127 851 1181 quod
894 1126 1088 1168 continet

288 1199 440 1240 tubam

228 1270 398 1312 Ruscus
430 1269 566 1311 herba

227 1341 408 1384 Ricinus
430 1344 497 1383 est
524 1344 828 1383 ornamentum
856 1341 1088 1382 mulierum

226 1412 513 1455 Redomantia
535 1416 601 1454 est
622 1412 833 1455 diuinatio
861 1413 1086 1469 uirgarum

175 1495 208 1520 15
228 1485 500 1541 Repurgium
533 1487 600 1526 est
632 1484 837 1540 purgatio

225 1556 394 1599 Redino
429 1560 496 1598 est
533 1557 737 1611 resupino

224 1628 432 1685 Raganus
454 1626 544 1686 (uel
557 1628 671 1669 nelle
691 1642 779 1682 sup.
796 1626 892 1685 scr.)
913 1643 1086 1684 cooper-

285 1700 449 1742 torium
482 1700 551 1742 uel
585 1700 843 1755 panniculus

227 1841 383 1886 Serum
417 1847 484 1885 est
517 1858 692 1899 mesgus

227 1915 425 1970 Subputo
460 1916 626 1958 calculo

171 1998 204 2023 20
226 1986 505 2030 Secmentum
537 1990 604 2029 est
635 1987 772 2029 uestis
805 1988 1038 2029 mulierum

226 2058 530 2101 Secmentatus
563 2059 663 2100 hinc
691 2059 804 2101 idest
835 2059 931 2114 ipsa
963 2061 1085 2101 ueste

284 2131 462 2172 indutus

223 2201 484 2244 Siticulosus
517 2205 584 2244 est
617 2202 691 2257 qui
725 2217 895 2257 semper
928 2202 1025 2244 sitit

225 2272 409 2315 Sternax
448 2276 515 2315 est
553 2273 746 2316 caballus
785 2274 969 2329 pauidus
1010 2275 1084 2329 qui

282 2345 482 2387 homines
516 2345 642 2387 reicit
675 2360 700 2387 a
733 2360 810 2387 suo
845 2346 972 2388 dorso

225 2416 482 2472 Strophium
505 2420 572 2458 est
586 2417 768 2471 pallium
782 2418 996 2473 uirginale
1013 2419 1082 2460 uel

284 2489 507 2544 cingulum
540 2503 716 2530 aureum
749 2504 847 2531 cum
879 2490 1065 2545 gemmis

168 2571 202 2598 25
224 2559 425 2616 Suggillo
459 2564 525 2602 est
559 2561 785 2616 strangulo

225 2632 438 2686 Sarabare
471 2635 686 2674 uocantur
717 2632 825 2686 tibie
859 2633 928 2675 uel
957 2648 1083 2675 crura

283 2702 328 2761 (a
353 2719 402 2746 ex
428 2719 449 2758 e
476 2702 599 2759 corr.)

223 2764 446 2818 subucula
471 2776 541 2818 uel
576 2775 776 2830 supparis
804 2779 870 2818 est
903 2777 1082 2819 camisia

224 2846 374 2889 Solero
414 2850 481 2889 est
523 2847 825 2902 pauimentum
868 2863 1081 2903 compono

281 2919 350 2961 uel
383 2919 500 2961 solas
533 2919 807 2961 calciamenti
840 2921 1025 2962 resartio

223 2990 403 3033 Sentina
423 2994 489 3032 est
509 3006 621 3046 aqua
636 3005 718 3045 que
738 2989 933 3048 per‘(per
945 2990 1081 3049 aser.)

280 3062 477 3104 foramen
497 3061 732 3104 innauibus
760 3063 897 3104 intrat
917 3066 961 3105 et
981 3064 1081 3106 dici-

280 3137 352 3176 tur
385 3149 434 3176 eo
469 3134 582 3189 quod
617 3134 778 3176 sensim
811 3137 883 3176 eat

1901 161 1987 202 623

1130 268 1383 312 Sentinator
1421 272 1488 311 est
1530 269 1603 324 qui
1646 269 1786 324 ipsam
1829 284 1985 324 aquam

1187 341 1347 396 proicit

1130 411 1260 454 Sutra
1285 415 1388 453 sunt
1408 427 1514 454 uasa
1534 413 1722 454 rotunda
1740 413 1787 454 in
1810 414 1986 455 modum

1189 484 1301 525 scuti
1334 483 1452 525 facta

1129 554 1349 597 Sabanum
1383 557 1449 596 est
1481 555 1664 597 linteum
1697 557 1900 599 uillosum

1130 626 1363 681 Senclapila
1396 629 1462 667 est
1495 627 1703 669 feretrum

1130 696 1296 754 Subero
1330 700 1398 739 est
1430 713 1526 740 aere
1561 699 1762 754 cooperio

1131 768 1276 811 Sanna
1309 771 1375 810 est
1408 770 1542 812 tortio
1576 771 1748 812 narium

1130 839 1318 882 Sorbille
1356 843 1423 882 est
1464 855 1595 883 ouum
1634 842 1688 883 ad
1725 843 1986 885 sorbendum

1189 915 1341 966 aptum

1131 982 1336 1025 Stennius
1378 983 1519 1026 tristis
1562 985 1664 1027 hinc
1707 986 1876 1027 stennio
1921 989 1987 1028 est

1188 1055 1342 1096 tristor

1128 1125 1321 1181 Speriste
1913 1131 1986 1184 qui

1188 1213 1352 1254 onagro
1410 1198 1671 1254 interposito
1730 1201 1985 1257 omnigenos

1187 1271 1350 1312 dabant
1382 1271 1507 1312 ludos
1546 1271 1647 1314 hinc
1687 1273 1985 1327 speristerium

1186 1343 1280 1398 ipse
1313 1343 1435 1385 locus

1129 1413 1501 1470 Subgranclarium
1536 1418 1602 1456 est
1635 1416 1844 1458 feretrum

1127 1485 1262 1528 Scedo
1297 1486 1362 1528 dis
1394 1487 1506 1528 uado

1126 1556 1292 1613 Siliqua
1324 1561 1374 1600 ut
1407 1558 1652 1600 ambrosius
1680 1559 1786 1601 (licit
1813 1563 1879 1602 est
1909 1561 1985 1602 hu-

1391 1130 1516 1168 erant
1585 1128 1848 1171 ioculatores

1183 1630 1416 1672 millimum
1461 1645 1595 1686 genus
1643 1630 1753 1686 ligni
1802 1647 1984 1675 nascens

1184 1702 1228 1744 in
1285 1702 1513 1744 littoribus
1572 1703 1703 1744 maris
1758 1705 1983 1747 continens

1184 1774 1390 1816 folliculis
1424 1788 1561 1829 grana

1127 1845 1383 1900 Strophium
1405 1849 1471 1887 est
1497 1845 1657 1902 iterum
1681 1845 1816 1889 fascia
1838 1849 1984 1890 breuis

1186 1932 1267 1972 que
1290 1918 1551 1973 uirginalem
1568 1918 1794 1960 horrorem
1809 1920 1985 1962 cohibet

1184 1988 1446 2044 papillarum
1480 1992 1592 2031 teste
1626 1991 1830 2033 marcello

1127 2060 1402 2103 Silicernium
1424 2064 1491 2103 est
1519 2061 1658 2103 adhuc
1684 2062 1868 2118 lugubre
1897 2079 1984 2105 car-

1184 2149 1282 2175 men
1304 2134 1418 2189 quod
1446 2134 1622 2175 senibus
1650 2134 1848 2176 exibetur
1871 2138 1983 2177 teste

1182 2205 1315 2247 nonio
1348 2206 1552 2248 marcello

1125 2275 1212 2319 Sua
1235 2275 1280 2333 (a
1306 2291 1355 2319 ex
1381 2292 1402 2331 e
1430 2275 1552 2334 corr.)
1587 2293 1661 2331 sue
1689 2278 1886 2320 feminini
1914 2295 1983 2335 ge-

1180 2348 1297 2390 neris
1319 2352 1384 2391 est
1405 2349 1558 2391 domus
1580 2349 1624 2391 in
1652 2365 1736 2405 qua
1764 2351 1983 2394 scolastici

1183 2420 1360 2462 student

1123 2490 1404 2534 Saucomaria
1448 2496 1516 2534 est
1554 2494 1780 2535 uasculum
1824 2495 1874 2536 de
1914 2510 1982 2537 cu·
2022 2507 2036 2531 ‘›

1182 2564 1354 2606 curbita

1122 2634 1427 2689 Strangularia
1457 2635 1494 2693 (l
1521 2651 1569 2679 ex
1594 2652 1617 2678 o·
1642 2635 1766 2694 corr.)
1800 2637 1983 2680 difficul—

1180 2710 1248 2749 tas
1284 2707 1407 2762 urine

1121 2777 1310 2821 Scelides
1345 2782 1447 2820 sunt
1480 2780 1618 2835 cageli

1122 2850 1368 2906 Stipatores
1425 2854 1528 2893 sunt
1585 2852 1858 2906 prebendarii
1910 2855 1979 2896 uel

1181 2922 1498 2977 compositores
1528 2923 1635 2965 dicti
1662 2939 1686 2965 a
1714 2925 1826 2980 stipe
1859 2941 1981 2980 prae-

1179 2994 1321 3036 benda

1121 3063 1404 3108 Subsessores
1442 3069 1544 3108 sunt
1578 3066 1652 3122 qui
1685 3068 1871 3110 occisuri
1905 3069 1977 3111 ali-

1181 3152 1306 3192 quem
1341 3137 1601 3181 delitescunt
1638 3139 1739 3182 hinc
1779 3140 1977 3183 subsesse

2007 285 2040 308 30

2006 785 2042 809 35

2005 1503 2040 1526 40
