2216 3402
250 103 307 144 50

249 211 431 254 Batioca
468 214 592 266 pater
637 210 806 267 argenti
849 211 901 252 acl
944 196 1104 252 sacrifi-

310 283 491 325 candum
525 281 592 338 (dc
618 281 694 338 91.)

249 354 384 396 Batos
416 354 548 395 herbe
582 368 717 409 genus
753 352 817 407 (de
838 352 912 408 gyl.)

198 434 201 436 ’
249 426 416 468 Baxeas
449 425 732 467 calciamenta
765 423 830 481 (de
857 422 932 480 ql.)

249 498 393 539 Baxea
425 497 710 539 calciamenta
742 496 972 538 mulierum
1003 500 1104 538 sunt

309 569 374 624 (de
396 566 470 624 (sl.)

212 650 228 675 5
249 641 365 682 Baxe
399 640 531 682 calcei
565 640 759 681 mulieris
793 641 907 682 altae
947 639 1103 697 (Vim.)

248 713 412 753 Baxem
440 711 713 753 calciamenti
747 726 882 768 genus
917 711 984 769 (de
1004 711 1079 769 ql.)

248 784 342 825 Beli
388 783 516 825 multi
560 783 735 825 fuerunt
781 784 984 839 precipue
1032 800 1107 826 rex

309 855 576 910 assyriorum
624 858 667 896 et
718 869 946 911 grecorum
996 857 1106 898 alter

307 927 511 982 precipue
544 927 759 982 babylone

247 999 459 1041 Bellicam
481 998 727 1040 columnam
748 1002 848 1040 ante
870 999 992 1053 edem
1019 999 1105 1040 bel-

308 1071 406 1112 lone
440 1085 522 1125 que
555 1070 672 1125 pytri
705 1071 975 1126 temporibus
1009 1086 1106 1113 con-

309 1142 466 1184 stituta
512 1141 670 1183 dicitur
712 1145 761 1184 ut
811 1145 1015 1184 exeuntes
1061 1143 1107 1184 in

308 1214 472 1256 bellum
504 1228 633 1268 super
664 1213 855 1255 iacerent
888 1229 983 1256 eam
1009 1217 1106 1256 asta

307 1285 445 1326 ueluti
479 1287 713 1340 conspectu
746 1285 855 1327 ostis
889 1289 1034 1328 essent

247 1356 587 1399 Benedicentum
624 1357 779 1399 melius
813 1372 943 1412 quam
980 1358 1106 1399 bene-

308 1428 544 1471 dicentium

196 1510 229 1533 10
248 1500 555 1542 Beniuolentia
582 1503 624 1542 et
658 1501 957 1542 maliuolentia
989 1516 1065 1556 per
1091 1501 1106 1542 i

306 1587 394 1614 non
425 1587 502 1627 per
534 1587 555 1614 e
589 1572 747 1614 dicitur
780 1573 997 1627 quomodo
1035 1573 1106 1614 be-

307 1644 466 1700 nignus
483 1647 526 1685 et
547 1643 766 1699 malignus
785 1659 872 1686 non
890 1644 1105 1700 benignus

309 1719 352 1757 et
385 1716 604 1772 malignus
638 1731 737 1771 sepe
777 1716 891 1758 enim
924 1731 975 1758 ex
1007 1716 1104 1758 dua-

309 1788 390 1829 bus
419 1788 620 1842 partibus
648 1789 922 1843 conpositum
947 1803 1107 1830 nomen

310 1863 386 1901 aut
417 1859 606 1915 priorem
640 1864 715 1902 aut
748 1863 1001 1916 sequentem
1037 1859 1107 1901 lit-

310 1934 449 1973 teram
501 1932 741 1988 corrumpit
785 1933 828 1974 id
872 1934 939 1974 est
988 1931 1106 1974 beni-

309 2003 548 2045 uolentiam
599 2004 782 2046 dicimus
832 2019 933 2046 nam
983 2004 1107 2045 bene-

310 2074 503 2116 uolentia
535 2090 729 2118 crassum
762 2075 937 2131 quidem
969 2078 1096 2117 sonat

251 2145 418 2188 Bolona
450 2146 697 2202 redemptor
724 2147 1015 2190 cethariarum
1045 2149 1107 2188 ta-

310 2218 543 2260 bernarum
575 2218 620 2260 in
653 2219 809 2274 quibus
846 2218 1108 2261 salsamenta

312 2289 571 2331 condiuntur
599 2305 704 2345 quas
738 2291 941 2332 tabernas
973 2290 1107 2345 uulgo

313 2362 526 2403 cetharias
558 2365 719 2404 uocant

252 2432 364 2474 Boni
398 2434 645 2475 consultum
676 2434 784 2475 bene
817 2436 1043 2488 acceptum

254 2505 573 2560 Bonietquique
617 2505 754 2547 facere
800 2505 913 2547 bono
963 2505 1107 2547 animo

312 2576 423 2630 ferre

351 2756 386 2799 1)
418 2757 458 2789 a'r
483 2743 622 2790 brdTJor
646 2766 770 2800 τηαν-(μ)
801 2756 813 2799 ΙΙ

757 101 1002 137 'PLACIDVS
1028 100 1158 136 LIBRI
1184 101 1475 137 GLOSSARVM

1142 211 1348 253 Bosforui
1380 215 1419 260 R

1142 282 1404 324 Bosteonem
1437 281 1638 323 iuuenem
2020 293 2053 318 15

1113 377 1119 383 ’
1142 353 1305 396 Bootes
1338 368 1519 395 uernam]
1551 368 1761 395 Uel'allllm

1141 425 1315 467 Bubum
1348 425 1516 467 senium
1549 439 1755 481 angorem
1789 423 1854 481 (de
1880 422 1956 481 91.)

1142 497 1308 538 Bucina
1335 497 1417 538 erit
1442 497 1550 538 tuba
1574 496 1697 551 quasi
1725 496 1898 552 signum
1925 496 2000 537 dat

1201 568 1432 610 bucinator
1463 568 1646 610 bucinus
1683 568 1776 623 ipse
1809 583 1941 610 canor

1142 639 1229 681 Bili
1263 640 1405 681 colore
1439 638 1506 696 (de
1532 639 1607 697 ql.)

1141 710 1303 753 Bimuli
1324 712 1562 753 animantes
1582 711 1798 753 bimatum
1820 714 2000 768 agentes
2021 723 2055 748 20

1204 783 1406 825 (licuntur
1439 783 1553 825 enim
1579 786 1623 825 et
1654 783 1822 825 trimuli
1849 784 2002 825 trima—

1204 859 1299 897 tum
1338 858 1514 911 agentes
1554 855 1597 897 id
1630 858 1696 897 est
1735 855 1889 897 bimuli
1928 855 2002 897 tri-

1203 927 1395 982 mulique

1143 999 1397 1054 Bipatentia
1428 998 1496 1039 bis
1530 1000 1681 1052 aperta

1143 1070 1396 1125 Bipatentia
1428 1069 1495 1110 bis
1522 1066 1720 1124 patenffla
1751 1070 1819 1112 bis
1853 1073 2003 1126 aperta

1203 1140 1271 1198 (dc
1294 1139 1369 1198 ql.)

1143 1213 1384 1268 Bipennem
1411 1213 1658 1255 bisacutum
1677 1228 1868 1268 pennum
1887 1214 2002 1256 enim

1203 1284 1386 1327 dicimus
1418 1288 1594 1327 acutum
1626 1283 1693 1342 (de
1713 1284 1788 1342 ql.)

1143 1356 1344 1412 Bipinnis
1372 1357 1533 1399 securis
1555 1357 1707 1398 ambas
1733 1360 1880 1412 partes
1908 1372 2003 1400 acu-

1203 1432 1272 1470 tas
1304 1429 1469 1471 habens

1142 1501 1330 1542 Biremis
1376 1501 1559 1542 duarum
1606 1515 1824 1542 remorum
1874 1499 2000 1542 nauis
2022 1511 2055 1537 25

1204 1588 1254 1614 ex
1287 1587 1545 1627 unaquaque
1577 1574 1702 1627 parte
1735 1570 1802 1628 (de
1828 1572 1901 1626 ql.)

1143 1644 1296 1686 Bissus
1318 1643 1487 1700 generis
1509 1646 1576 1685 est
1595 1643 1794 1697 feminini
1808 1633 2001 1700 (Euceri)

1144 1716 1350 1758 Bitumen
1386 1731 1464 1770 per
1489 1716 1516 1757 b
1547 1715 1695 1757 littera
1728 1714 2003 1757 scribendum

1144 1788 1391 1830 Blatterare
1405 1790 1607 1842 corrupte
1617 1789 1660 1828 et
1672 1801 1899 1842 perperam
1910 1802 2002 1828 rem

1204 1859 1325 1915 loqui
1363 1862 1412 1901 ut
1452 1873 1540 1900 non
1572 1858 1712 1915 magis
1749 1858 2002 1913 pharisecus

1206 1946 1336 1986 quam
1361 1930 1539 1972 hebrius
1564 1930 1746 1973 delirare
1773 1931 1973 1972 credatur

1144 2003 1303 2045 Blattit
1335 2002 1538 2057 precipue
1571 2001 1766 2056 loquitur

1143 2074 1237 2116 Boa
1249 2074 1457 2116 animales
1467 2073 1580 2128 quod
1592 2073 1716 2115 ualde
1727 2074 2003 2129 persequitur
2022 2087 2056 2112 30

1203 2147 1338 2188 boues
1366 2145 1475 2187 unde
1502 2148 1546 2187 et
1571 2160 1731 2187 nomen
1754 2146 1888 2187 habet
1919 2146 2003 2186 boa

1144 2217 1268 2260 Boba
1300 2218 1532 2259 uehemens
1572 2214 1746 2273 roborl)
1783 2216 2002 2258 interdum

1206 2304 1341 2346 genus
1375 2289 1590 2344 serpentis

1145 2361 1362 2404 Bobinare
1395 2361 1639 2403 conuiciare
1672 2361 1858 2402 clamare

1146 2433 1392 2474 Bobinatur
1423 2432 1610 2475 tricosus
1643 2435 1688 2474 et
1719 2432 1971 2480 inconstans

1146 2504 1437 2546 Bobinatores
1470 2504 1767 2546 inconstantes
1802 2501 1867 2559 (de
1893 2500 1968 2558 ql.)

1146 2576 1412 2617 Bibilionare
1447 2575 1652 2630 sanguine
1691 2574 1909 2628 inquinari
1941 2574 2002 2615 bi-
2022 2586 2056 2611 35

352 2901 381 2932 7.
408 2897 611 2942 babyllone
631 2898 642 2941 {1
669 2901 699 2932 8.
727 2896 909 2931 Bellicum
932 2896 936 2942 Ι
958 2894 1068 2940 pygri
1092 2897 1095 2936 Ι
1118 2894 1236 2929 hostis
1256 2896 1268 2939 ΙΙ
1294 2897 1349 2929 10.
1376 2893 1415 2927 id
1442 2893 1514 2939 est]
1540 2893 1626 2928 ideo
1645 2895 1657 2939 Η
1687 2897 1740 2928 14.
1768 2893 1965 2929 Bosforum
1989 2895 2002 2940 l]

257 2960 310 2990 16.
340 2968 465 2990 uerum
499 2959 510 3001 Η
546 2962 596 2992 18.
625 2956 826 2991 bucinatur
857 2958 868 3001 Η
900 2960 955 2990 26.
988 2966 1113 2999 msto-(10
1141 2955 1319 2989 abscissus
1344 2955 1385 2988 in
1410 2953 1499 2995 cod„
1530 2963 1659 2987 women
1685 2955 1847 2988 auctoris
1871 2954 1966 2988 deest
1989 2954 2001 3000 Η

256 3020 310 3050 ⁶28.
339 3016 558 3060 pharisaeus
585 3028 697 3060 quam
729 3018 740 3061 ΙΙ
779 3020 834 3051 30,
863 3014 1000 3049 animal
1029 3015 1087 3048 est
1112 3025 1155 3047 est·
1182 3013 1364 3048 animales
1391 3023 1480 3047 corr.
1527 3014 1538 3056 Η
1582 3015 1637 3047 31.
1671 3012 1784 3046 robur
1814 3024 1858 3048 ex.
1889 3012 2001 3046 robor

256 3087 346 3110 corr.
379 3077 391 3120 ΙΙ
423 3079 478 3109 323.
506 3075 740 3109 ‹monuioiare
772 3077 784 3119 11
817 3078 872 3110 33.
901 3074 1108 3108 Bobinator
1130 3074 1134 3119 Ι
1158 3073 1338 3107 triccosus
1364 3074 1376 3118 Η
