2175 3428
617 91 872 127 EXCERPTA
898 92 963 126 EX
989 92 1132 128 LIBRO
1160 92 1449 128 GLOSSARVM

158 199 348 261 Oollaria
385 201 492 243 latis]
587 203 713 243 sonat
751 202 867 257 quod
905 201 1015 243 uitia

218 274 443 315 oculorum
477 274 706 330 detergant

157 343 395 386 Colurnum
422 350 461 396 R
488 345 698 401 uergilius
719 344 902 402 pinguia
921 346 966 388 111
979 344 1012 403 ¹)

213 417 437 459 uermibus
476 417 741 459 turberimus
787 420 907 460 extat
946 433 1012 460 co-

213 489 352 530 lurnis

153 558 446 602 Comatiarius
499 560 572 615 qui
628 560 837 602 mimarus
889 562 1009 602 obse—

213 631 362 687 quitur
402 663 405 666 -

154 702 402 746 Comaticus
435 703 708 746 uersificator
742 704 888 746 breuis

115 787 131 812 5
152 775 359 818 Comedia
390 775 575 818 historia
604 776 832 832 tragoedia

153 846 355 890 Comedie
389 847 558 889 cantica
591 847 811 904 agrestica
843 861 969 903 grece

152 918 358 961 Comedia
398 922 464 961 est
504 934 585 975 que
625 919 896 974 priuatorum
935 919 1009 961 ho-

211 990 379 1033 minum
412 991 607 1034 continet
639 994 737 1034 acta
769 991 1009 1033 comediam

212 1065 359 1105 autem
391 1062 610 1105 inuenisse
639 1063 773 1105 talem
799 1077 931 1104 unam
959 1078 1008 1104 ex

210 1135 345 1177 musis
361 1137 488 1189 poete
503 1135 718 1177 finxerant
732 1135 848 1177 dicta
863 1137 1007 1176 autem

210 1205 405 1249 comedia
437 1207 529 1248 siue
563 1221 587 1248 a
619 1207 763 1249 locum
797 1207 898 1262 quia
931 1207 1007 1248 cir-

209 1294 306 1321 cum
339 1293 476 1334 pagos
510 1278 722 1333 agebatur
749 1293 857 1333 quos
891 1278 1007 1334 greci

209 1365 354 1393 comas
400 1353 560 1392 uocant
603 1349 695 1391 81110
735 1364 759 1391 a
799 1364 1007 1391 comessa-

208 1422 326 1464 tione
360 1422 560 1464 solebant
587 1422 703 1463 enim
733 1424 835 1475 post
863 1421 1007 1464 cibum

207 1493 398 1535 hominis
426 1494 479 1535 ad
500 1508 572 1535 eos
595 1493 830 1536 audiendos
857 1493 1005 1536 uenire

208 1565 281 1608 sed
306 1565 427 1620 prior
454 1581 503 1607 ac
532 1568 658 1608 uetus
687 1565 882 1608 comedia
907 1566 1006 1608 ridi-

211 1637 370 1679 cularis
398 1637 547 1679 extitit
578 1639 732 1692 postea
759 1637 909 1680 ciuiles
936 1639 1005 1680 uel

206 1709 403 1764 priuatas
443 1710 671 1765 adgressas
709 1710 916 1752 materias
962 1711 1007 1752 in

207 1781 334 1823 dictis
369 1781 507 1835 adque
540 1784 669 1836 gestu
700 1780 1004 1825 uniuersorum

151 1875 154 1877 ‡
206 1852 362 1894 delicta
384 1852 620 1907 corripiens
649 1853 693 1894 in
713 1868 886 1895 scenam
910 1869 1005 1909 pro-

206 1923 374 1966 ferebat
399 1939 479 1966 nec
499 1925 734 1966 betabatur
756 1928 885 1980 poete
911 1941 1004 1981 pes-

206 1996 364 2037 simum
397 2011 610 2051 quemque
649 1996 896 2039 discrimine
935 1998 1003 2039 uel

206 2068 385 2110 cuilibet
433 2070 612 2123 peccata
662 2083 890 2124 moresque
943 2084 1004 2110 re-

204 2140 491 2195 prehenderet
530 2142 682 2182 auctor
721 2140 812 2182 eius
853 2141 1004 2182 aorion

206 2211 392 2253 traditur
437 2212 511 2253 sed
561 2212 608 2254 in
650 2211 821 2254 fabulas
872 2213 1002 2267 primi

206 2298 300 2325 eam
333 2284 613 2325 contulerunt
645 2298 826 2340 magnas
860 2285 921 2326 ita
954 2288 1002 2326 ut

1827 96 1907 136 181

1111 216 1199 244 non
1232 203 1487 245 excederent
1519 203 1565 244 in
1591 203 1788 258 singulos
1819 219 1911 245 uer-

1112 288 1182 316 sos
1204 273 1393 317 tricenos
1413 276 1567 329 postea
1588 277 1733 317 autem
1749 275 1910 318 omissa

1111 343 1455 403 maledicemdi2)
1481 344 1739 403 liberatur-³³)
1766 347 1907 402 priua-

1111 419 1256 458 torum
1288 417 1515 459 hominum
1547 418 1684 460 uitam
1719 433 1815 460 cum
1849 419 1910 460 hi-

1109 488 1284 530 laritate
1329 489 1565 531 imitabant
1610 493 1908 532 ammonentes

1109 559 1212 614 quid
1239 561 1291 601 ad
1319 561 1553 615 petendum
1574 561 1730 616 quidue
1759 576 1910 604 cauen-

1107 631 1210 672 dum
1237 636 1362 674 esset.
1399 634 1536 675 Rome
1565 633 1812 688 tragoedias
1841 649 1908 676 co-

1108 703 1356 758 mediasque
1389 704 1555 759 primus
1583 704 1675 760 egit
1705 705 1906 760 idemque

1109 773 1245 816 eciam
1278 776 1510 830 conposuit
1543 776 1674 817 libius
1708 776 1906 819 androni-

1108 860 1182 888 cus
1215 846 1378 901 duplici
1411 849 1516 903 toga
1557 847 1767 889 infolatus
1801 852 1906 904 aput

1106 933 1310 960 romanos
1330 933 1500 974 quoque
1515 919 1692 974 plautus
1714 921 1904 962 comedie

1109 1005 1233 1032 coros
1252 990 1448 1045 exemplo
1472 1005 1699 1047 grecorum
1721 991 1905 1034 inseruit

1109 1060 1253 1118 (Isid.)

1048 1132 1247 1175 Comedis
1286 1134 1383 1176 inde
1417 1149 1575 1177 nomen
1614 1139 1681 1177 est
1714 1137 1904 1179 castellis

1107 1209 1150 1247 et
1185 1206 1404 1248 cantilena

1046 1276 1300 1320 Comercere
1333 1292 1529 1320 coer-cere
1564 1276 1706 1336 (Isia.)

1047 1349 1398 1392 Comessationes
1439 1350 1661 1393 luxuriosa
1701 1352 1903 1394 conuiuia
1924 1364 1957 1388 10

1105 1437 1203 1464 cum
1236 1422 1538 1464 meretricibus
1571 1423 1709 1465 mixta

1046 1491 1373 1536 Comesationes
1402 1509 1427 1536 a
1455 1495 1659 1537 comedes]
1687 1496 1902 1550 superflue

1105 1565 1321 1620 appellate

1045 1636 1301 1680 Comesator
1334 1638 1433 1695 gule
1462 1654 1510 1681 ac
1538 1640 1680 1681 uentri
1714 1640 1903 1681 inmode-

1103 1711 1196 1751 rate
1229 1710 1400 1752 deditus

1044 1780 1323 1824 Comesatum
1363 1783 1565 1825 conuiuia
1605 1786 1706 1825 sunt
1743 1784 1900 1839 quibus

1104 1853 1306 1896 mulieres
1339 1854 1558 1896 intersunt

1064 1924 1302 1968 lomesatur
1335 1927 1524 1981 turpiter
1557 1927 1817 1969 conuiuatur

1044 1996 1316 2040 Comescitur
1347 1998 1512 2053 pariter
1545 1999 1733 2042 comedit
1922 2014 1954 2040 15

1043 2068 1268 2112 Comesset
1300 2071 1559 2113 comedisset

1043 2139 1254 2184 Oomesor
1295 2142 1413 2198 guile
1454 2158 1504 2185 ac
1550 2143 1716 2185 uentris
1756 2158 1899 2199 super-

1102 2213 1184 2255 flue
1218 2214 1387 2256 deditus

1042 2284 1275 2327 Comesum
1307 2286 1613 2329 manducatum

241 2428 274 2469 1)
301 2426 411 2461 verba
436 2425 476 2460 in
503 2447 544 2451 —
574 2425 735 2461 columis
763 2427 803 2461 in
830 2438 900 2462 ras.
922 2429 933 2472 ΙΙ
953 2429 989 2472 2)
1016 2439 1053 2462 m
1079 2439 1123 2463 ex
1148 2440 1173 2462 n
1200 2431 1283 2464 nus?
1304 2430 1315 2474 ΙΙ
1342 2429 1377 2474 3)
1403 2429 1465 2463 tur
1490 2430 1531 2463 111
1557 2430 1623 2464 Iac.
1651 2430 1736 2465 add.
1764 2433 1848 2465 11ι.,2
1869 2431 1880 2475 ΙΙ

241 2547 272 2578 1.
300 2544 466 2579 Colluria
489 2546 493 2591 Ι
516 2545 677 2580 latinum
701 2547 705 2591 Ι
728 2546 943 2581 occulorum
965 2549 969 2590 Ι
998 2546 1082 2582 isid.
1111 2548 1186 2582 cod.
1216 2549 1228 2592 ΙΙ
1261 2552 1292 2583 2.
1320 2547 1569 2594 pinguiatque
1593 2552 1596 2591 Ι
1620 2548 1771 2584 neribus
1795 2551 1799 2593 Ι
1822 2551 1895 2584 tor-

143 2603 307 2639 biremus
349 2601 365 2648 Ι“
394 2606 481 2640 exta
524 2607 536 2649 ΙΙ
580 2608 610 2640 3.
638 2605 820 2640 mimariis
865 2608 875 2651 ΙΙ
919 2609 950 2641 4.
980 2607 1214 2642 uersificatur
1257 2610 1268 2651 ΙΙ
1313 2612 1344 2643 5.
1378 2608 1593 2655 tragoedia]
1621 2609 1848 2644 draconedia
1886 2611 1897 2653 ls

146 2665 176 2697 7.
204 2662 321 2698 finxei·
356 2667 360 2707 Ι
395 2663 477 2699 1000
513 2667 518 2709 Ι
552 2664 806 2701 comesatione
841 2668 845 2711 Ι
879 2665 1050 2701 homines
1086 2670 1089 2710 Ι
1126 2667 1335 2702 audiendos
1361 2680 1406 2704 ew
1438 2667 1618 2703 odiendos
1651 2680 1743 2704 corr.
1770 2681 1814 2704 m.
1838 2673 1860 2704 6
1888 2670 1892 2716 Ι

144 2732 254 2757 uerus
281 2723 450 2758 comedia
485 2724 489 2770 Ι
525 2726 639 2769 atque
665 2726 775 2770 gestu
810 2729 814 2769 Ι
848 2726 1056 2771 putabatur
1088 2739 1132 2762 ex
1156 2727 1361 2762 betabatur
1391 2740 1482 2763 corr.
1509 2741 1552 2763 m.
1570 2732 1593 2764 6
1626 2730 1630 2772 Ι
1664 2729 1776 2774 petae
1801 2741 1845 2764 m.
1861 2733 1894 2774 1,

145 2782 182 2816 et
207 2782 276 2817 litt.
302 2783 369 2817 del.
396 2795 440 2819 m.
457 2788 480 2819 6
502 2786 507 2829 Ι
530 2785 731 2831 quemque]
759 2796 830 2829 que
854 2788 857 2829 Ι
881 2785 1096 2822 discrimine
1122 2799 1167 2822 111.
1183 2790 1215 2831 1,
1243 2786 1461 2822 discrimina
1487 2800 1531 2824 m.
1548 2792 1570 2823 6
1594 2790 1598 2832 Ι
1622 2787 1779 2823 cuilibet
1804 2793 1893 2833 111.1,

144 2840 346 2876 cuiuslibet
376 2846 461 2877 m.6
495 2847 500 2886 Ι
535 2844 659 2879 adfion
691 2844 854 2879 traditur
888 2847 893 2892 Ι
926 2858 1082 2893 magnes
1116 2851 1215 2890 11ι.1,
1247 2858 1405 2891 magnas
1437 2852 1521 2883 m.6
1556 2849 1560 2891 Ι
1595 2847 1754 2893 singulis
1790 2850 1793 2891 Ι
1828 2847 1893 2883 tri-

144 2911 257 2934 cenus
293 2903 296 2943 Ι
331 2900 590 2937 maledicendo
616 2915 660 2939 m.
677 2907 710 2948 1,
742 2904 994 2941 maledicendi
1019 2919 1063 2942 111.
1081 2910 1102 2941 6
1131 2908 1136 2950 Ι
1170 2905 1348 2940 libertate
1377 2909 1381 2950 Ι
1416 2906 1622 2950 hylaritate
1657 2909 1661 2951 Ι
1690 2906 1894 2942 imitabant

143 2963 242 3004 111.1,
276 2959 525 2995 imitabantur
555 2966 639 2997 m.6
678 2964 683 3008 Ι
724 2964 966 3000 admonentes
1006 2968 1010 3011 Ι
1052 2965 1146 3011 egit]
1181 2965 1258 2999 exit
1289 2977 1333 3000 m.
1351 2969 1389 3009 1,
1422 2965 1588 3000 exercuit
1619 2978 1646 3002 s.
1673 2978 1739 3003 scr.
1766 2979 1810 3003 m.
1828 2971 1848 3003 6
1885 2968 1889 3015 Ι

144 3018 259 3053 etiam
290 3019 428 3065 1111108
460 3021 465 3066 Ι
496 3020 677 3056 insolutus
708 3023 719 3067 ΙΙ
751 3026 782 3058 9.
810 3024 855 3059 de
882 3025 931 3070 gl.
959 3027 1035 3061 cod.
1062 3027 1072 3069 ΙΙ
1106 3029 1159 3060 10.
1189 3023 1468 3060 Comesationes
1494 3026 1505 3070 ΙΙ
1537 3029 1589 3061 11.
1618 3026 1846 3062 comedendo
1883 3033 1885 3073 Ι

146 3078 361 3123 appellatur
380 3080 392 3124 ΙΙ
413 3083 466 3115 13.
496 3079 734 3116 Comesatum
759 3084 801 3118 in
825 3086 930 3120 scrib.
951 3097 995 3120 ew
1021 3084 1257 3120 Cometatum
1282 3096 1372 3121 corr.
1393 3086 1405 3131 ΙΙ
1426 3088 1480 3121 17.
1508 3084 1701 3122 Comessor
1723 3088 1730 3130 Ι
1750 3086 1862 3123 ciuile
1890 3087 1891 3133 Ι
