2216 3402
133 1111 166 1135 10

135 1612 167 1638 15

132 2044 168 2069 20

193 129 249 170 58
707 129 941 165 PLACIDVS
967 130 1098 165 LIBRI
1124 128 1417 167 GLOSSA'RVM

191 240 419 296 Conplices
459 243 561 283 sunt
601 240 702 295 quia
739 255 825 281 uno
865 242 1044 294 peccato
1144 241 1250 297 galli
1290 243 1421 284 cantu
1454 256 1538 297 quo
1581 241 1814 284 0001111101
1845 257 1942 284 con-

250 313 319 355 uel
340 315 463 354 reatu
485 315 559 355 aut
581 312 758 354 crimine
785 312 923 354 iuncti
945 315 1046 354 sunt
1144 312 1271 355 ticuit

192 422 194 425 ,
251 384 303 425 ad
341 384 503 432 malum
537 384 588 426 ad
621 384 784 426 bonum
821 399 925 426 uero
959 399 1046 426 non
1085 383 1343 427 Concinium
1383 379 1448 431 esst
1488 385 1660 440 quando
1700 399 1849 427 omnes
1889 385 1942 427 si-
1961 398 1997 424 25

250 455 431 498 dicimus
466 455 681 510 conplices
1143 457 1236 499 lent
1269 456 1508 499 contiscere
1542 456 1657 498 enim
1690 456 1816 498 silere
1849 459 1916 499 est
1974 464 1980 470 '

190 526 363 582 Conpos
398 526 647 581 conpletum
680 527 940 570 desiderium
1085 526 1346 570 Conticuum
1379 528 1627 583 proximum
1660 526 1821 585 (Vim.)

190 598 363 654 Conpos
397 598 642 653 conpositio
676 600 920 642 ornamenti
1085 600 1384 656 Continguum
1418 600 1532 655 quod
1566 599 1763 656 contingi
1794 603 1942 655 potest

189 670 489 725 Conprobabit
522 670 750 713 manifeste
784 671 975 713 ostendit
1085 670 1310 714 Continari
1344 672 1547 728 congredi
1581 671 1649 714 uel
1683 672 1797 714 coire
1829 673 1941 714 unde

190 741 390 796 Conpuer
423 742 529 784 bene
561 742 643 785 hac
676 743 909 799 diligenter
1144 746 1188 786 et
1237 743 1506 786 continentia
1551 746 1594 786 et
1645 744 1852 786 continua
1900 747 1943 787 et

189 812 515 855 Consectariam
548 814 841 869 permitialem
1142 816 1391 858 coniunctio

189 885 422 928 Considere
456 888 522 927 est
554 886 599 927 in
631 901 716 928 uno
749 887 845 929 loco
879 888 1025 929 sedere
1083 886 1302 931 Continuo
1334 888 1554 943 significat
1578 888 1740 944 iugiter
1766 887 1942 930 tractim

189 956 369 999 Consiet
400 957 627 1012 parabitur
661 958 925 1001 considietur
1142 963 1352 1016 perpetuo
1399 960 1489 1001 sine
1540 959 1625 1001 fine
1671 959 1761 1001 siue
1812 960 1942 1001 111101·-

189 1028 434 1070 Consilians
468 1029 709 1071 deliberans
1143 1032 1350 1074 missione
1384 1031 1491 1073 alias
1526 1031 1677 1073 statim

187 1099 427 1142 Consilium
458 1101 733 1144 uoluntatem
1081 1102 1343 1146 Contractus
1408 1103 1565 1145 dicitur
1626 1103 1814 1157 placitus
1871 1103 1942 1145 uel
1960 1117 1996 1142 30

186 1170 445 1214 Consiturus
479 1173 722 1215 inserturus
757 1172 823 1229 (de
849 1172 925 1230 (st.)
1142 1175 1284 1217 acutio
1300 1174 1458 1217 dicitur
1474 1177 1722 1216 contractus
1744 1177 1788 1216 01
1809 1175 1940 1217 1101110

186 1244 439 1287 Consonant
483 1259 635 1286 uocem
683 1245 907 1287 dimissam
949 1261 1044 1288 sen-
1142 1247 1296 1289 debilis
1329 1262 1406 1302 per
1439 1245 1584 1288 omnia

244 1316 361 1358 tiunt
1082 1319 1247 1362 Contra
1304 1318 1525 1374 significat
1581 1318 1836 1360 aduerbium
1893 1321 1942 1360 ut

186 1386 450 1443 Conspicillo
481 1388 545 1430 ita
572 1391 622 1430 ut
649 1389 839 1444 conspici
872 1389 1044 1444 possint
1142 1393 1294 1433 contra
1326 1390 1489 1432 faciens
1541 1387 1544 1390 ’

246 1461 360 1515 quod
393 1460 516 1502 aiunt
547 1461 691 1517 longis
724 1461 851 1503 lineis
1083 1461 1420 1505 Controuersam
1464 1462 1635 1503 ruinam
1680 1462 1808 1504 ruina
1849 1463 1941 1505 sine

186 1532 490 1587 Conspicimus
524 1533 857 1588 circumquaque
1140 1548 1288 1590 pugna
1338 1534 1406 1575 cui
1449 1548 1537 1576 non
1588 1535 1664 1575 aut
1708 1537 1942 1576 occurrunt
1987 1555 1993 1558 ·

188 1602 453 1659 Conspiceor
487 1604 637 1646 uideor
1140 1606 1291 1648 hostes
1330 1606 1384 1648 ob
1424 1608 1589 1647 metum
1633 1608 1710 1647 aut
1754 1606 1941 1648 absenti-

187 1675 448 1730 Conspirare
492 1676 601 1717 bene
648 1676 830 1718 dicimus
875 1677 943 1718 uel
990 1677 1043 1718 ad
1142 1678 1223 1719 bus
1255 1677 1442 1719 infertur

246 1748 408 1789 bonum
441 1747 511 1789 uel
544 1747 597 1788 ad
630 1748 793 1789 malum
1084 1747 1276 1791 001111101-
1310 1749 1461 1791 statim
1495 1749 1700 1790 continuo

188 1818 400 1861 Consulta
432 1819 703 1875 interrogata
1085 1820 1340 1863 Contumias
1374 1820 1661 1862 contumelias
1695 1818 1817 1877 (Οἱς.)

187 1890 399 1933 Consulta
431 1890 613 1933 consilia
644 1891 809 1945 placita
1084 1890 1336 1934 Conuexum
1370 1907 1610 1934 connexum
1643 1895 1710 1933 031
1743 1893 1858 1947 quod
1896 1892 1942 1934 in
1961 1909 1996 1935 35

188 1960 451 2004 Consultans
485 1962 683 2017 cogitans
1144 1964 1319 2006 modum
1359 1964 1509 2006 circuli
1548 1964 1707 2005 flexum
1740 1966 1807 2005 est
1846 1979 1942 2006 con-

188 2031 398 2075 Consulto
421 2048 445 2074 a
466 2034 727 2075 consulendo
749 2028 793 2076 et
819 2035 1045 2076 tractando
1143 2051 1252 2077 uexo
1279 2050 1437 2077 nomen
1457 2038 1524 2077 031
1549 2049 1637 2077 11011
1661 2035 1942 2090 participium

247 2105 412 2148 dictum
445 2108 511 2147 est
544 2106 657 2160 quod
691 2105 748 2147 sit
784 2106 835 2146 fit
866 2108 916 2146 ut
949 2121 1045 2147 con-
1084 2103 1270 2149 Coraula
1302 2109 1502 2149 cantator
1535 2104 1678 2163 (Isia.)

247 2177 362 2219 sulat
394 2180 437 2219 et
468 2192 622 2219 nocere
654 2192 742 2218 non
773 2177 914 2232 possit
1084 2177 1221 2220 Corde
1255 2193 1305 2220 ex
1338 2178 1482 2220 animo

188 2247 406 2291 Consumo
424 2249 642 2290 consumis
663 2248 769 2291 facit
791 2264 1041 2291 consumere
1081 2249 1210 2292 Cordi
1249 2249 1351 2306 agni
1385 2250 1457 2304 qui
1497 2252 1599 2304 post
1638 2252 1811 2305 tempus
1843 2251 1938 2292 nati

248 2319 361 2361 enim
395 2321 572 2375 perdere
606 2323 673 2362 est
1140 2324 1241 2363 sunt

188 2392 467 2434 Contendunt
511 2393 835 2434 contentionem
878 2392 1043 2434 habent
1081 2392 1340 2449 Cordipugis
1374 2392 1574 2434 uersibus
1611 2392 1772 2434 litteris
1810 2393 1940 2435 corda

247 2464 315 2505 uel
350 2464 585 2518 perducent
618 2467 660 2505 01
694 2467 894 2506 asserunt
1141 2464 1374 2520 pungentis

188 2534 373 2591 Contegi
420 2535 711 2577 coniecturam
759 2536 841 2578 feci
887 2535 1042 2592 collegi
1082 2536 1271 2579 Cordum
1311 2536 1551 2578 serotinum
1591 2536 1686 2577 ideo
1730 2550 1812 2577 uue
1855 2550 1938 2590 que
1957 2555 1993 2579 40

248 2607 316 2648 uel
350 2607 594 2661 suspicatus
628 2623 723 2649 sum
1141 2609 1262 2650 tarde
1318 2610 1557 2649 nascuntur
1612 2607 1736 2648 corde
1794 2607 1937 2662 appel-

189 2676 432 2719 Conticinio
489 2681 685 2734 tempore
742 2679 882 2721 noctis
940 2682 1041 2734 post
1139 2679 1286 2720 lantur

284 2822 314 2853 1.
342 2818 407 2863 qui
429 2821 432 2864 Ι
455 2820 652 2864 peccatum
675 2821 680 2863 1
702 2821 806 2854 reato
838 2822 849 2865 ΙΙ
882 2824 912 2856 3.
941 2820 1153 2866 conposicio
1173 2822 1185 2866 ιΙ
1206 2824 1236 2856 6.
1263 2818 1531 2865 permittialem
1560 2820 1572 2864 ΙΙ
1602 2823 1656 2855 15.
1685 2818 1902 2865 Conspicior
1931 2819 1934 2864 Ι

189 2876 294 2912 cicer.
322 2880 398 2914 cod.
419 2880 430 2924 ΙΙ
450 2882 505 2915 20.
533 2878 585 2913 310
605 2880 616 2922 ΙΙ
636 2882 691 2914 21.
719 2879 812 2924 uirg.
833 2881 928 2915 cod.:
952 2882 1014 2915 sed
1033 2881 1190 2916 Placido
1215 2881 1371 2926 ylossmn
1396 2883 1597 2924 sequentem
1623 2880 1729 2924 (quae
1749 2879 1938 2924 praecedit

188 2938 230 2971 in
255 2938 329 2973 cod.
358 2938 494 2983 Paris.)
521 2937 704 2973 Consumo
732 2950 929 2974 consumas
962 2940 1124 2975 tribuens
1143 2941 1155 2984 ΙΙ
1174 2943 1229 2974 22.
1258 2938 1537 2974 contentionem
1564 2951 1606 2974 ex
1633 2937 1938 2973 contentihonem

188 3007 279 3032 corr.
317 2998 329 3041 11
372 3001 427 3032 25.
462 2997 676 3032 Continium
701 2999 712 3043 ΙΙ
738 3002 792 3033 27.
821 2998 963 3044 contigi
993 3001 1005 3043 ΙΙ
1036 3002 1092 3033 29.
1109 3002 1163 3033 30.
1190 2999 1255 3033 has
1279 2999 1383 3045 91083.
1411 3009 1475 3033 om.
1508 3000 1520 3043 11
1552 3001 1608 3033 31.
1637 2999 1704 3032 aut
1726 2998 1738 3042 ΙΙ
1763 3000 1819 3032 32.
1846 2996 1939 3032 0011-

188 3056 397 3090 trauersam
426 3061 430 3100 Ι
459 3063 542 3092 curi
571 3059 576 3103 1
612 3059 712 3092 03103
741 3061 745 3101 Ι
781 3058 1002 3093 obsensibus
1037 3062 1042 3102 1
1074 3057 1224 3093 infletur
1248 3060 1259 3104 ΙΙ
1292 3061 1346 3092 34.
1375 3056 1629 3092 Contumelias
1657 3055 1902 3092 contumelias
1927 3055 1940 3102 {l

189 3118 244 3150 35.
277 3116 371 3151 hanc
395 3116 441 3162 91.
470 3128 535 3151 01η.
568 3118 580 3161 ΙΙ
611 3122 666 3152 36.
695 3117 740 3152 de
765 3117 814 3162 gl.
843 3119 950 3163 001111
975 3120 1030 3152 38.
1057 3118 1152 3152 hanc
1176 3118 1224 3164 92.
1251 3129 1317 3153 om.
1338 3119 1349 3163 ΙΙ
1375 3119 1430 3152 39.
1459 3116 1565 3152 cicer.
1592 3117 1668 3164 cod.
1695 3117 1706 3161 ΙΙ

2135 2965 2143 2970 ·

2199 2819 2216 3402 QQQ-uu..
2208 2789 2210 2795 -
