2216 3402
190 119 246 159 36

639 120 872 155 PLAOIDVS
898 120 1152 155 LIBRJORVM
1177 120 1495 156 ROMANORVM

248 228 354 270 haec
382 228 545 270 oecidio
568 228 610 270 id
632 232 698 270 est
720 229 890 282 quando
912 229 1040 270 multi
1077 208 1334 271 Obstinatus
1357 232 1423 270 est
1444 229 1515 284 qui
1538 229 1701 283 aliquid
1727 230 1935 284 praecipi-

249 299 504 341 occiduntur
542 300 636 354 ipsa
675 314 741 341 res
782 300 944 342 occidio
978 301 1039 341 di-

247 370 406 411 dicitur
444 374 487 412 et
525 371 678 412 melius
719 385 848 425 quam
881 371 1039 413 occisio

208 444 210 447 ’
249 442 348 495 quia
388 442 523 483 occidi
563 441 744 483 dicimus
777 457 863 484 non
897 443 1040 485 occisi.

247 513 427 553 uerbum
461 515 527 554 est
561 513 721 555 occido.

188 581 313 624 Osrix
348 583 461 624 enim
493 584 578 625 dici
609 599 696 625 non
728 587 874 639 potest
904 585 989 627 nisi
1016 601 1041 628 a

248 654 407 696 stultis.

188 724 484 780 ortigometra
533 739 670 781 genus
725 727 871 768 auium
927 728 1040 770 idest

246 797 500 839 coturnices.

187 868 354 910 Oenum
385 869 547 910 uinum.

187 938 441 981 Obnuberat
473 944 756 995 cooperuerat
782 941 942 983 idcirco
968 957 1043 983 nu-

245 1011 362 1065 ptiae
406 1012 458 1053 ab
493 1012 751 1054 obnubendo
784 1013 940 1067 puellis
974 1028 1040 1055 63-

246 1083 340 1137 pita
371 1082 587 1124 dicuntur.

149 1166 164 1191 ῡ
187 1153 330 1208 Opera
363 1157 405 1195 et
439 1169 614 1209 operam
642 1170 773 1210 opera
799 1159 901 1197 sunt
928 1159 1042 1197 artes

246 1225 518 1281 singulorum
553 1229 596 1268 et
622 1227 839 1269 artificum
866 1242 1042 1282 operam

249 1311 351 1338 uero
385 1297 650 1340 adiutorium
690 1313 784 1340 esse
824 1299 1042 1355 cognosci-

244 1383 352 1410 mus.

186 1436 363 1481 Obleuit
394 1440 610 1483 obliniuit.

185 1509 319 1552 Orbia
335 1525 471 1566 genus
487 1513 703 1566 quoddam
719 1528 913 1555 escarum
927 1514 1040 1569 quod

246 1583 421 1637 quidam
454 1584 623 1625 saturni
655 1584 801 1626 obiam
833 1588 1004 1627 uocant.

189 1652 330 1695 Ornos
369 1668 505 1709 genus
539 1655 753 1710 quoddam
786 1656 953 1698 arboris
986 1657 1043 1698 fe—

247 1725 400 1766 minini
427 1726 598 1781 generis
618 1727 787 1769 numeri
808 1728 1042 1784 singularis

246 1799 291 1837 at
323 1811 426 1839 uero
459 1797 689 1852 pluraliter
721 1799 817 1841 orni
849 1799 966 1842 facit.

188 1866 384 1909 Oblinire
417 1869 563 1911 linare.

137 1952 167 1976 10
188 1937 422 1982 Oraculum
465 1941 576 1982 unde
628 1956 835 1997 responsa
885 1943 1042 1984 dantur

245 2010 289 2051 id
322 2013 388 2053 est
422 2011 661 2054 funduntur
693 2014 762 2055 uel
794 2015 1042 2069 praedican-

246 2084 334 2123 tur:
370 2098 471 2124 nam
504 2086 548 2125 et
579 2084 675 2139 ipsa
707 2099 774 2126 res
805 2086 847 2127 id
882 2089 948 2128 est
980 2102 1041 2128 re—

246 2167 455 2207 sponsum
494 2156 607 2210 quod
650 2156 775 2197 datur
818 2158 1041 2199 oraculum

245 2224 415 2268 dicitur.

188 2295 371 2337 Occasio
413 2298 559 2340 arrisit
597 2302 813 2354 oportuna
846 2315 890 2342 se
922 2316 1041 2356 prae-

247 2367 344 2409 buit
376 2369 445 2410 uel
479 2371 664 2412 secunda
697 2372 916 2414 successit.

187 2438 452 2481 Oeconomia
478 2443 544 2482 est
571 2441 800 2496 dispositio
826 2443 896 2484 uel
922 2457 1039 2498 prae-

249 2510 476 2552 meditatio
509 2512 578 2553 uel
611 2514 898 2568 praeparatio.

192 2580 422 2636 Opificium
461 2585 527 2624 est
565 2598 632 2625 res
672 2584 818 2639 aliqua
857 2601 964 2641 quae
996 2586 1041 2627 in

247 2668 373 2707 opere
407 2656 474 2695 est
506 2655 580 2696 ubi
613 2670 744 2710 opera
774 2656 896 2698 fiunt.

1137 303 1282 342 tanter
1308 304 1351 342 et
1379 300 1470 342 sine
1497 299 1772 342 rcuocatione
1793 299 1933 342 facere

1137 372 1328 414 festinat.

1079 443 1241 486 Obesse
1273 458 1428 486 nocere
1461 446 1528 484 est
1554 444 1706 485 obesse
1735 443 1849 484 enim
1874 442 1933 484 di-
1955 460 1988 485 15

1138 516 1251 557 citur
1282 515 1484 557 inimicus
1518 514 1603 556 alii.

1080 586 1177 628 Offa
1214 587 1470 628 latrantium
1516 588 1582 627 est
1626 585 1935 627 diminutiuum

1140 658 1328 700 offellam
1348 658 1465 700 facit.
1500 658 1605 699 haec
1633 657 1669 699 si
1696 657 1741 698 in
1764 671 1812 698 os
1839 656 1934 698 cani

1138 730 1323 772 iaciatur
1356 730 1544 772 saciatus
1571 729 1672 771 ilico
1703 727 1935 783 compesci-

1142 804 1214 842 tur
1247 788 1290 843 et
1323 801 1499 843 silescit.

1082 871 1390 927 Obstipeculus
1435 872 1644 915 inclinato
1695 871 1837 927 capite
1888 873 1937 912 ut

1141 944 1282 985 solent
1315 945 1630 986 adseuerantes.

1080 1014 1318 1057 Obuenisse
1339 1016 1483 1058 nisum
1511 1015 1738 1070 canimago
1763 1029 1937 1069 prouer-

1141 1086 1261 1128 bium
1282 1087 1327 1128 in
1347 1102 1420 1129 eos
1443 1087 1599 1142 quibus
1625 1088 1798 1141 praeter
1818 1100 1938 1140 spem

1142 1158 1358 1214 contingit
1391 1158 1555 1212 aliquid
1589 1157 1660 1199 uel
1693 1157 1914 1198 successit.

1082 1227 1344 1271 Offutiarum
1369 1229 1588 1271 fallatium
1615 1231 1690 1270 aut
1715 1243 1860 1270 rerum
1884 1228 1936 1270 ad

1141 1300 1441 1355 decipiendum
1491 1301 1685 1356 speciose
1735 1315 1938 1355 compara

1263 1388 1386 1414 arum
1419 1373 1583 1415 dictum
1617 1373 1670 1414 ab
1705 1371 1935 1414 officiando

1140 1444 1254 1498 quod
1286 1446 1352 1485 est
1384 1445 1537 1487 furtim
1569 1443 1794 1486 collocare.

1080 1513 1278 1556 Obarbas
1319 1515 1637 1557 circumscribis
1677 1515 1843 1556 dictum
1882 1514 1935 1556 ab
1957 1531 1992 1557 20

1140 1586 1244 1627 arbo
1281 1587 1355 1641 qui
1389 1589 1455 1628 est
1487 1587 1769 1628 incuruatura
1801 1586 1937 1627 aratri

1140 1658 1211 1699 uel
1244 1673 1269 1699 a
1301 1658 1421 1700 sulco
1453 1658 1627 1699 urbium
1664 1658 1737 1713 qui
1768 1656 1936 1712 primus

1141 1732 1286 1771 aratro
1320 1728 1638 1771 circumductus
1670 1731 1849 1784 propter
1881 1729 1938 1770 al-

1141 1800 1373 1842 titudinem
1405 1815 1555 1842 murus
1588 1801 1844 1855 appellatur.

1082 1870 1319 1926 Obpletum
1333 1872 1521 1913 oblitum
1534 1886 1671 1926 usque
1685 1872 1737 1913 ad
1748 1871 1936 1926 plenum.

1081 1941 1249 1998 Oppido
1295 1943 1657 1998 quemadmodum
1703 1943 1776 1984 sed
1821 1957 1935 1985 nunc

1137 2015 1274 2056 ualde.

1080 2085 1299 2141 Oppipare
1331 2087 1450 2127 laute
1484 2086 1806 2140 opulenterque.

1080 2156 1283 2212 Opiteros
1329 2157 1403 2212 qui
1443 2157 1564 2198 obito
1602 2160 1725 2212 patre
1770 2160 1814 2198 et
1851 2171 1933 2198 auo

1137 2227 1313 2270 uiuente
1345 2228 1550 2270 nascitur.

1081 2299 1372 2342 Obfirmatum
1404 2299 1526 2341 firme
1554 2300 1775 2342 decretum
1802 2299 1934 2341 obsti·
1954 2315 1988 2340 25

1137 2373 1301 2412 natum.

1080 2442 1294 2484 Occedere
1321 2457 1543 2485 occurrere
1570 2443 1638 2485 uel
1669 2443 1845 2484 obuiam
1871 2457 1934 2484 66-

1139 2514 1250 2556 dere.

1080 2585 1343 2642 Oblegatum
1374 2586 1617 2628 iniunctum
1650 2586 1914 2627 mandatum.

1079 2655 1295 2712 Obpetere
1329 2657 1448 2699 obire
1481 2657 1550 2698 uel
1582 2657 1703 2698 mori.
1811 2645 1813 2647 ¹

280 2821 311 2852 4.
338 2818 473 2863 nupcic
501 2831 524 2853 α
546 2820 550 2862 l
573 2818 769 2854 obnuendo
796 2833 819 2855 α
848 2823 859 2865 Η
889 2825 920 2857 5.
948 2821 1162 2855 adiutorum
1187 2834 1205 2857 e
1230 2824 1242 2867 ΙΙ
1273 2826 1303 2857 7.
1331 2820 1498 2868 oblssiam
1524 2822 1544 2855 b
1572 2822 1584 2866 Η
1615 2825 1647 2856 8.
1675 2822 1742 2855 aut
1765 2831 1854 2855 uero
1879 2831 1898 2856 c
1922 2820 1934 2867 ΙΙ

342 2886 359 2902 a

188 2914 241 2946 16,
270 2911 361 2960 Offit
387 2914 406 2946 h
447 2916 450 2956 Ι
491 2913 628 2949 iacitur
653 2927 675 2949 α
713 2918 724 2959 ΙΙ
763 2918 816 2951 17.
850 2927 918 2960 pus
949 2927 1057 2961 super
1087 2927 1133 2961 pe
1166 2917 1277 2952 ab²c2
1302 2928 1379 2962 sup.
1406 2927 1471 2952 ser.
1511 2918 1522 2961 ΙΙ
1562 2920 1617 2952 18.
1650 2915 1848 2961 eanimaga
1873 2927 1897 2950 α
1921 2915 1933 2962 ΙΙ

189 2974 241 3006 19.
269 2975 461 3016 comparat
487 2984 616 3008 aarum
652 2986 741 3009 corr.
771 2975 810 3009 b‘2
840 2976 851 3019 ΙΙ
883 2980 938 3011 20.
966 2975 1128 3010 oburuas
1154 2977 1195 3010 in
1220 2988 1334 3021 mary.
1361 2975 1400 3011 b‘“'
1433 2978 1438 3019 Ι
1472 2986 1564 3009 uruo
1597 2988 1623 3010 s.
1651 2977 1693 3010 in
1716 2974 1898 3021 113119..ὂῖ
1925 2973 1929 3012 Ι

186 3029 447 3065 circunductus
473 3043 491 3066 6
510 3034 521 3076 ΙΙ
541 3036 595 3068 21.
623 3032 781 3067 oblitam
807 3046 830 3068 (ι
850 3035 860 3078 ΙΙ
880 3038 936 3069 22.
959 3033 1078 3080 Opido
1105 3045 1194 3070 corr.
1211 3034 1246 3069 c‘·'
1266 3036 1277 3079 ΙΙ
1297 3038 1352 3070 23,
1380 3046 1444 3070 om.
1461 3035 1480 3068 b
1527 3036 1531 3079 Ι
1555 3034 1850 3080 oppulenterque
1876 3044 1896 3068 c
1921 3033 1933 3079 Η

186 3092 242 3124 ⁶26.
269 3100 418 3124 occurre
445 3103 465 3123 (ι
498 3093 509 3134 Η
542 3095 594 3125 27.
623 3091 829 3127 inuinctum
857 3106 879 3127 a
904 3095 915 3139 Η
