2221 3490
242 186 328 229 584

240 294 358 352 Copa
403 310 479 336 uas
530 293 747 335 uinarium
795 294 911 349 quod
961 293 1094 351 uulgo

298 382 373 423 per
417 381 480 407 .u.
526 369 569 407 et
612 380 689 420 per
733 365 817 407 duo
864 380 955 420 .pp.
997 380 1095 420 pro-

487 183 742 221 EXCERPTA
767 183 834 218 EX
860 182 1031 219 CODICE
1058 182 1305 219 VATICANO
1333 181 1441 219 ΒΕΘ.
1468 181 1649 219 CHRIST.
1677 186 1745 218 215

1194 292 1431 335 elemosina
1451 307 1607 349 agreco
1629 293 1744 336 01008
1767 308 1896 349 quam
1918 294 1989 336 eli-

1194 364 1365 406 mosina
1397 362 1450 422 (li
1468 379 1549 420 pro
1574 363 1633 419 le)
1667 380 1744 420 per
1775 365 1790 406 i

299 437 442 480 ferunt
481 451 666 492 cuppam
705 437 779 479 sed
823 435 977 479 melius
1020 452 1096 492 per
1134 435 1392 490 Ephemeris
1419 437 1547 478 unius
1573 436 1657 478 diei
1683 436 1870 492 digestio
1899 437 1990 479 siue

300 525 347 551 .o.
382 512 426 552 et
463 524 540 564 per
577 523 712 550 unum
745 524 806 563 .p.
842 507 991 550 dicunt
1031 522 1096 550 co-

299 596 400 637 pam
416 596 556 636 copon
578 574 791 635 siquidem
810 579 960 622 dicunt
981 580 1098 636 greci

300 652 561 707 profundum
584 666 695 706 aquo
718 666 872 706 copam
902 651 1096 694 dicimus.

301 738 377 765 uas
410 737 512 765 uero
555 723 826 765 balnearium
864 737 952 765 11011
991 737 1100 778 copa

299 808 376 849 per
409 809 432 836 o
466 795 539 836 sed
579 809 689 850 cupa
726 809 803 849 per
836 810 862 836 11
895 809 944 836 eo
986 794 1099 849 quod

300 880 380 907 nos
412 866 529 908 intra
562 881 606 908 se
639 865 784 921 capiat

245 936 402 979 Cloaca
433 938 554 980 locus
587 937 658 980 uel
690 937 809 980 fossa
843 940 965 978 extra
998 937 1100 979 ciui-

302 1011 439 1050 tatem
476 1010 522 1051 in
558 1024 688 1065 quam
728 1009 1002 1064 publicarum
1039 1009 1100 1049 10-

301 1080 514 1122 trinarum
553 1084 747 1123 stercora
787 1083 1023 1136 egeruntur
1054 1080 1100 1122 in

303 1167 430 1206 quem
488 1152 654 1196 scilicet
716 1153 858 1195 locum
909 1166 1101 1207 ,corpora

303 1227 550 1266 sanctorum
586 1228 832 1280 martyrum
865 1238 994 1266 causa
1034 1223 1101 1265 de-

304 1295 540 1351 spectionis
574 1296 851 1338 iactabantur

245 1367 552 1411 Condilomota
571 1370 672 1409 sunt
701 1367 972 1410 nodositates
995 1382 1101 1422 quas

303 1440 535 1495 patiuntur
604 1439 800 1481 artetrici
863 1438 1103 1495 digitorum

305 1511 429 1553 Felix
463 1510 628 1567 capella
667 1511 915 1553 indroducit
948 1517 1102 1551 ΘΥΧΗΝ

304 1584 418 1626 idest
456 1583 676 1626 fortunam
724 1582 995 1625 diuersorum
1038 1598 1104 1626 ca-

305 1656 398 1711 pita
426 1657 722 1698 conterentem
749 1655 1021 1710 complicatis
1044 1655 1106 1697 111-

308 1727 513 1769 00111111108
554 1726 602 1784 (11
626 1741 706 1781 pro
741 1742 764 1768 o
797 1723 920 1784 corr.)
960 1727 1104 1783 digiti-

306 1800 387 1840 bus
419 1798 501 1842 hoc
535 1800 602 1841 081
632 1797 950 1841 111110ἃο8110108

249 1870 432 1926 Campse
469 1869 817 1913 conuertibiliter

211 1955 227 1982 5
249 1941 465 1986 Centones
497 1941 615 1984 filtra

250 2012 424 2056 Cicures
456 2013 577 2069 porci
610 2012 839 2056 domestici

250 2084 448 2128 Culleum
480 2100 558 2127 uas
590 2085 683 2140 pice
718 2085 905 2127 oblitum

251 2157 418 2200 Cidaris
464 2160 507 2200 et
551 2157 665 2199 tiara
709 2160 753 2199 et
798 2157 930 2198 mitra
971 2171 1105 2199 unum

311 2232 413 2271 sunt
445 2229 612 2271 scilicet
642 2229 799 2284 pilleus
831 2228 1104 2271 calamaucus

313 2300 509 2356 capeleus
542 2301 653 2342 cufia
684 2301 776 2342 siue
811 2300 1006 2357 galerum

253 2372 478 2415 Oolimbus
535 2373 655 2414 locus
711 2372 786 2417 ubi
843 2372 1108 2414 mundantur

312 2442 573 2485 uestimenta
616 2443 685 2485 uel
731 2457 942 2498 aquarum
985 2442 1106 2485 lacus

312 2515 495 2557 fluentes

202 2671 234 2696 10
254 2658 486 2702 Emblema
535 2656 778 2712 polisenum
833 2670 994 2699 nomen
1043 2659 1110 2698 est

313 2745 415 2772 nam
448 2744 532 2771 11110
567 2743 696 2770 8011811
723 2728 882 2770 dicitur
915 2728 1110 2784 anaglyf—

313 2801 406 2843 fum
419 2815 496 2842 uas
513 2800 698 2842 secundo
712 2799 1111 2854 superabundantia

315 2872 446 2914 tertio
485 2870 671 2913 uariatio
710 2871 961 2926 lapillorum
1001 2885 1109 2926 quae

314 2944 364 2984 fit
391 2943 433 2985 in
460 2943 710 2999 pauimento
736 2957 787 2984 ex
812 2942 946 2984 uariis
973 2942 1109 2985 minu-

314 3014 580 3070 tissimisque
612 3014 775 3069 lapillis

256 3083 508 3128 Elemosina
541 3086 700 3129 dicitur
731 3085 800 3128 dei
831 3085 916 3127 mei
948 3085 1108 3128 donum

318 3160 360 3199 01
404 3160 469 3198 081
512 3158 658 3212 potius
701 3157 928 3200 dicendum
970 3172 1048 3212 per
1085 3172 1107 3199 0

1197 508 1466 562 computatio
1512 510 1742 563 computus
1788 508 1992 551 uidelicet

1196 580 1496 622 mathematici
1528 579 1800 636 singularum
1826 579 1992 622 dierum

1197 651 1267 693 uel
1289 651 1479 693 siderum
1506 651 1555 692 de
1578 665 1662 706 quo
1693 650 1907 693 iuuenalis
1929 667 1992 694 sa-

1198 725 1345 778 tyrum
1371 723 1557 765 secundo
1579 722 1697 764 illius
1720 737 1922 765 occursus
1949 726 1993 765 et

1196 794 1285 835 iam
1310 794 1452 836 uitare
1473 797 1691 836 memento
1717 794 1887 838 incuius
1907 809 1993 836 ma-

1196 865 1324 908 nibus
1359 881 1435 908 eeu
1467 867 1648 922 pinguia
1681 866 1831 908 sucina
1865 865 1993 908 tritas

1198 937 1336 979 cernis
1383 937 1677 992 ephemeridas
1723 938 1841 994 greci
1880 939 1994 980 enim

1198 1008 1312 1051 diem
1346 1014 1535 1048 ΗΜΗΡΑΝ
1564 1009 1723 1051 dicunt.
1754 1008 1995 1064 ephemeris

1199 1080 1332 1122 etiam
1353 1080 1511 1122 dicitur
1535 1081 1702 1122 annalis
1725 1081 1995 1135 computatio

1199 1152 1426 1194 continens
1454 1152 1609 1194 seriem
1636 1152 1774 1194 totius
1801 1152 1902 1194 anni
1929 1153 1995 1194 de-

1200 1223 1407 1278 scriptam

1141 1295 1348 1351 Epitoma
1369 1295 1606 1350 super-cisio
1629 1309 1737 1350 quae
1758 1295 1808 1337 de
1832 1295 1996 1338 maiore

1202 1381 1380 1422 corpore
1437 1366 1651 1409 librorum
1711 1366 1896 1422 carptim
1950 1382 1999 1410 ac

1201 1438 1447 1481 defloratim
1481 1438 1727 1494 excerpitur
1765 1453 1874 1494 quae
1913 1439 1998 1481 alio

1202 1509 1376 1553 nomine
1418 1510 1565 1552 breuis
1605 1510 1817 1565 expositio
1857 1524 1999 1553 acsuc-

1203 1582 1344 1625 cincta
1382 1584 1530 1637 potest
1563 1581 1774 1639 appellari
1807 1597 1891 1637 quo
1926 1597 2000 1624 110-

1203 1655 1317 1696 1111110
1357 1654 1500 1696 solent
1538 1667 1767 1710 grecorum
1800 1657 1998 1697 auctores

1203 1725 1420 1768 succintas
1459 1740 1508 1768 00
1541 1725 1772 1768 defloratas
1813 1740 1864 1767 ex
1902 1725 1998 1767 aliis

1203 1797 1455 1840 doctoribus
1483 1797 1853 1852 expositiunculas
1881 1794 1902 1847 {3
1929 1812 2000 1852 ap-

1201 1869 1363 1924 pellare

1142 2024 1432 2081 Fagolidoros
1489 2023 1752 2066 manducans
1808 2023 1999 2066 senecias

1203 2096 1272 2138 uel
1304 2096 1417 2138 sicut
1450 2095 1711 2151 quibusdam
1741 2094 1916 2138 uidetur
1947 2095 2001 2137 si-

1201 2167 1386 2211 nantias.
1407 2167 1625 2210 sinanciae
1640 2169 1741 2209 sunt
1756 2166 1861 2208 folia
1873 2166 2000 2222 gulae

1204 2242 1248 2281 et
1275 2242 1342 2281 081
1363 2253 1514 2281 80118118
1540 2239 1615 2280 1110
1643 2238 1717 2293 qui
1738 2252 1909 2293 semper
1934 2241 2002 2280 est

1203 2313 1383 2366 paratus
1407 2313 1453 2352 ut
1474 2310 1659 2352 aliorum
1682 2309 1800 2352 facta
1820 2298 2002 2365 deroget

1206 2382 1389 2437 aliisque
1410 2395 1581 2436 semper
1601 2380 1792 2423 detrahit
1811 2380 2001 2423 inuidiae

1205 2489 1342 2531 liuore
1393 2488 1586 2545 agitatus
1635 2488 1773 2531 adhoc
1828 2451 2000 2530 101111101ῗο

1204 2559 1431 2616 perueniat
1477 2563 1527 2602 ut
1570 2559 1677 2602 folia
1722 2560 1848 2615 gulae
1899 2573 2001 2601 suae

1206 2632 1432 2687 ipsamque
1440 2631 1637 2687 linguam
1647 2630 2000 2673 conmasticando

1206 2704 1416 2745 conrodat
1448 2706 1673 2758 cessetque
1706 2701 2000 2745 adetractione

1148 2867 1306 2914 Glossa
1349 2869 1500 2925 lingua
1544 2867 1721 2924 quidam
1764 2866 2001 2911 latinorum

1206 2941 1376 2997 glosam
1419 2955 1495 2995 per
1532 2954 1667 2981 unum
1704 2953 1762 2982 .s.
1798 2938 1874 2981 sed
1912 2953 2002 2982 cor-

1206 3015 1343 3068 rupte.
1371 3026 1547 3068 grecum
1566 3011 1781 3066 siquidem
1801 3013 1869 3054 est
1888 3009 2001 3053 ideo-

1206 3099 1288 3140 que
1315 3082 1468 3127 melius
1488 3097 1566 3139 per
1586 3083 1670 3124 duo
1699 3096 1755 3125 .s.
1779 3081 2001 3138 profertur

1207 3155 1320 3199 sicut
1351 3158 1394 3197 01
1426 3155 1539 3210 apud
1572 3168 1723 3210 grecos

2021 2880 2054 2906 15
