2175 3428
229 119 310 161 196

223 229 399 272 Exciuit
444 228 644 271 euocabit
689 227 868 268 lucanus
921 226 1081 268 exciuit

283 301 467 356 populos

224 373 465 415 Exclitorio
499 371 597 413 lacu
629 370 749 425 italie
782 370 857 425 qui
889 369 1081 430 biberint

283 444 373 486 uini
407 443 572 485 tedium
603 443 768 485 habent

224 515 482 558 Excomedit
515 515 730 556 euiscerat
762 516 945 555 euacuat

223 587 514 629 Excrementa
558 600 725 642 ungues
772 600 979 626 manuum
1020 585 1082 626 lu·-

284 674 415 702 canus
450 660 723 700 excremento
757 671 912 698 manus

186 742 201 768 5
221 732 410 774 Excreta
441 730 571 786 plena
603 729 776 771 malicia
807 728 890 770 hoc
918 730 984 770 est
1017 727 1082 768 ira

282 819 413 859 quam
444 805 614 844 ueteres
643 815 855 856 canapum
886 799 1081 842 nomina-

281 880 382 919 runt

221 949 471 1005 Exdignum
502 961 590 988 non
625 946 806 1001 dignum

220 1021 392 1063 Exedra
432 1018 584 1060 absida
625 1017 667 1058 id
707 1019 773 1058 est
818 1017 938 1058 locus
984 1016 1079 1057 sub-

282 1092 488 1134 seliorum

220 1163 533 1218 Exemplicabo
565 1159 753 1201 narrabo

220 1235 421 1277 Exemsit
453 1232 614 1288 eripuit

169 1316 202 1341 10
220 1306 484 1349 Exententia
516 1319 567 1346 ex
599 1306 704 1345 uoto
736 1301 924 1344 feliciter

220 1378 409 1421 Exerate
442 1379 640 1420 execrate

221 1450 490 1492 Exeredatus
504 1451 626 1490 extra
636 1445 926 1488 hereditatem
937 1443 1079 1486 factus

220 1521 435 1563 Exernuit
468 1523 721 1562 extraneum
754 1517 858 1559 fecit

219 1592 384 1634 Exerto
418 1592 588 1634 eleuato

168 1675 201 1700 15
221 1663 386 1706 Exerto
432 1664 643 1705 enudatos
692 1663 781 1704 stat
825 1663 930 1702 tunc
975 1673 1078 1701 uero

281 1736 470 1778 exercito
498 1734 784 1777 circumuolat
816 1733 945 1788 igneo
976 1746 1078 1773 arcu

220 1808 412 1849 Exercus
444 1807 585 1848 nudus
618 1806 688 1848 uel
721 1806 897 1860 apertus

219 1879 435 1921 Exercum
466 1878 677 1920 nudatum

219 1951 422 1992 Exfretat
450 1950 632 2006 nauigat

219 2022 461 2078 Exigerent
499 2020 764 2076 expellerent
803 2019 895 2061 siue
938 2018 1078 2074 exige-

278 2097 376 2136 rent
394 2092 672 2149 praefrenata
687 2091 777 2133 siue
798 2089 965 2132 furiosa
986 2090 1077 2131 sine

277 2165 412 2207 frenis
445 2164 627 2206 rationis

165 2248 199 2271 20
219 2237 424 2293 Exigitus
450 2237 725 2290 experrectus
747 2233 1076 2289 expergefactus

278 2308 590 2350 comestionem
620 2305 728 2347 dixit
770 2305 928 2347 dicitur
961 2305 1076 2346 enim

277 2383 321 2420 et
354 2381 527 2420 austum
559 2378 602 2419 id
636 2380 701 2418 est
732 2377 883 2432 potaui

216 2450 403 2492 Exiliuit
437 2449 587 2492 saliuit

218 2522 347 2563 Exim
381 2521 532 2563 deinde

684 116 939 153 EXCERPTA
965 117 1030 151 EX
1055 116 1200 152 LIBRO
1228 116 1519 152 GLOSSARVM

1118 226 1248 268 Exim
1282 241 1333 268 ex
1364 226 1447 269 hoc
1481 227 1632 269 deinde

1119 298 1361 340 Eximictas
1395 297 1643 341 sublimitas
1677 298 1909 354 magnifica

1119 370 1312 411 Exinuat
1345 370 1564 425 exemplat
1597 370 1792 426 exaperit
1998 383 2032 409 25

1120 440 1333 482 Exinnuit
1366 441 1508 483 innuit

1116 511 1376 567 Exippitare
1409 513 1498 554 iare
1531 513 1575 554 id
1607 516 1675 555 est
1708 528 1756 556 os
1789 513 1956 568 aperire

1119 585 1377 639 Exippitare
1412 585 1596 627 oscitare

1119 656 1332 698 Exoletus
1365 655 1541 698 infamis
1573 656 1714 711 turpis

1119 727 1330 770 Exoletus
1363 743 1502 770 uanus
1535 727 1706 770 solutus
1998 743 2034 768 30

1123 800 1325 842 Exordiis
1358 800 1514 856 incipis
1541 800 1634 855 prie
1662 800 1886 842 exordium
1913 803 1980 842 est

1180 872 1294 927 quod
1345 872 1391 913 in
1442 887 1570 914 causa
1627 871 1734 914 facit
1784 871 1979 914 dicturus

1181 946 1327 986 orator

1118 1015 1359 1057 Exordium
1387 1014 1531 1056 cantio
1559 1014 1603 1056 in
1631 1014 1784 1056 teatris
1815 1014 1978 1056 ludicre

1179 1089 1223 1128 et
1255 1086 1448 1128 scurrilis

1118 1158 1352 1200 Exoticum
1386 1158 1592 1200 odibilem

1117 1229 1329 1272 Exoticus
1363 1229 1529 1271 alienus

1118 1301 1329 1343 Exoticus
1362 1301 1619 1357 peregrinus
1998 1316 2032 1342 35

1117 1373 1341 1428 Exparata
1374 1375 1584 1415 euacuata

1118 1443 1315 1499 Exparta
1346 1448 1477 1499 partu
1509 1447 1696 1487 uacuata

1118 1516 1412 1572 Expergiscor
1435 1519 1536 1572 post
1557 1516 1808 1558 satietatem
1837 1515 1978 1557 somni

1178 1587 1338 1642 euigilo

1117 1659 1362 1715 Explacato
1395 1659 1676 1701 uehementer
1708 1659 1880 1714 placato

1118 1731 1368 1786 Explodens
1402 1731 1565 1772 elidens

1116 1803 1382 1858 Explorator
1414 1802 1649 1857 inquisitor

1116 1875 1335 1930 Explosus
1368 1889 1574 1917 excussus

1116 1947 1336 2002 Explosus
1370 1946 1532 1988 electus
1560 1949 1636 1987 aut
1669 1948 1745 1987 aut
1777 1946 1976 1988 exclusus

1175 2019 1246 2061 uel
1278 2018 1386 2060 foris
1420 2019 1579 2060 missus

1116 2090 1415 2144 Exproderem
1446 2090 1716 2131 excluderem

1114 2161 1359 2217 Exprodita
1394 2162 1568 2203 exclusa
1994 2175 2028 2201 45

1114 2233 1346 2288 Expuncta
1376 2233 1510 2275 fibras
1542 2236 1768 2288 pectorum

1114 2305 1300 2346 Exsolat
1327 2307 1450 2346 extra
1477 2305 1618 2347 solum
1646 2319 1772 2346 suum
1801 2303 1974 2346 habitat

1113 2376 1326 2418 Exsulare
1360 2380 1482 2418 extra
1515 2377 1658 2418 solum
1691 2391 1818 2418 suum
1849 2375 1911 2418 ire

1114 2447 1230 2490 Exta
1275 2448 1485 2489 intestina
1528 2447 1731 2503 uirgilius
1775 2447 1972 2490 lancibus

1175 2522 1218 2561 et
1238 2519 1383 2561 fundis
1401 2519 1615 2561 fumantia
1627 2519 1854 2576 ,reddimus
1875 2521 1974 2561 exta

1995 1748 2031 1772 40

316 2690 345 2721 1.
374 2685 549 2720 euocabit
576 2697 619 2720 m.
636 2689 669 2729 1,
697 2684 871 2719 euocauit
896 2696 940 2719 m.
957 2687 977 2718 4
1001 2687 1005 2726 1
1028 2684 1189 2729 populus
1215 2685 1226 2728 Η
1252 2687 1284 2719 2.
1311 2683 1414 2718 tedio
1440 2685 1452 2729 Η
1479 2686 1511 2718 4.
1539 2683 1696 2717 lucanus
1723 2684 1936 2718 excrement
1960 2685 1972 2729 Η

219 2750 251 2781 ῦ.
278 2756 462 2791 canopum
506 2747 518 2790 Η
562 2748 594 2780 9.
622 2744 815 2790 Exempsit
857 2746 869 2789 Η
915 2747 968 2778 15.
997 2742 1153 2777 Exertos
1187 2755 1231 2778 ex
1262 2743 1399 2777 Exerto
1431 2754 1523 2778 corr.
1560 2745 1564 2788 Ι
1600 2742 1782 2777 enudatos
1818 2745 1822 2786 Ι
1857 2744 1937 2777 stut
1961 2743 1973 2790 Η

220 2808 273 2839 16,
302 2805 460 2839 Exertus
491 2808 502 2848 Η
537 2807 590 2839 17.
620 2803 797 2838 Exertum
829 2806 840 2849 Η
872 2806 927 2837 20.
956 2802 1261 2837 commestionem
1285 2806 1289 2846 Ι
1323 2803 1473 2837 austum
1499 2814 1543 2837 m.
1559 2805 1592 2845 1,
1619 2802 1797 2836 haustum
1822 2805 1906 2838 m.5
1930 2807 1972 2838 ut

217 2865 288 2900 vid.
318 2866 329 2909 Η
354 2868 410 2899 23.
438 2863 534 2898 Exin
560 2875 605 2899 ωε
629 2863 739 2897 Exim
765 2875 856 2899 corr.
877 2865 888 2909 Η
913 2865 970 2898 25.
998 2861 1190 2907 examplat
1209 2864 1221 2907 Η
1246 2866 1302 2897 26.
1329 2861 1486 2896 Exinuit
1504 2864 1515 2906 Η
1541 2865 1597 2897 27.
1623 2861 1744 2906 perire
1764 2864 1775 2907 Η
1804 2865 1860 2897 31.
1886 2872 1971 2907 pro-

218 2922 301 2967 pria
327 2935 370 2958 ως
395 2922 499 2968 priae
526 2934 616 2958 corr.
656 2925 667 2969 Η
704 2926 759 2958 37.
787 2922 980 2968 Exparata
1016 2923 1028 2966 Η
1065 2925 1120 2956 38.
1149 2921 1371 2956 sacietatem
1399 2923 1403 2966 Ι
1437 2920 1556 2956 somni
1581 2933 1626 2956 ex
1651 2920 1773 2955 somin
1798 2922 1841 2956 in
1863 2922 1969 2957 scrib.

218 2993 308 3016 corr.
330 2984 342 3027 Η
367 2985 422 3016 41.
452 2982 658 3027 exquisitor
683 2984 694 3027 Η
723 2985 779 3017 43.
808 2981 948 3017 eiectus
972 2983 977 3027 Ι
1001 2982 1067 3015 aut
1091 2993 1118 3016 e.
1135 2994 1163 3027 q.
1179 2994 1206 3017 s.
1234 2993 1299 3016 om.
1324 2984 1329 3025 1
1352 2980 1423 3015 fori
1451 2993 1493 3016 m.
1513 2985 1543 3024 Ι,
1570 2979 1659 3015 foris
1686 2992 1731 3016 m.
1746 2983 1768 3015 4
1793 2984 1836 3016 ut
1860 2981 1933 3016 vid.
1959 2981 1970 3027 Η

218 3044 274 3075 49.
302 3041 487 3075 fanlantia
521 3043 525 3088 1
559 3043 665 3076 sexta
690 3046 731 3076 ut
756 3042 829 3077 vid.
855 3053 900 3076 m.
924 3045 955 3085 1,
988 3041 1048 3076 secl
1075 3041 1166 3076 bene<
1190 3042 1372 3087 distinqui
1396 3052 1470 3076 non
1497 3045 1614 3085 potest
1636 3070 1642 3076 .
1664 3041 1751 3075 exta
1775 3051 1802 3076 s.
1829 3050 1896 3075 ser.
1923 3052 1968 3076 m.

213 3103 348 3144 poster.
381 3102 392 3144 Η
