2216 3402
678 126 913 162 PLACIDVS
941 127 1070 162 LIBRI
1097 127 1388 163 GLOSSARVM
1851 131 1908 169 45

212 251 257 278 re
290 236 407 279 dicat
433 239 477 278 et
502 239 550 278 tu
582 236 647 277 illi
678 236 892 278 assentias
919 236 1012 290 ipse
1111 238 1228 291 darie
1267 237 1320 278 ab
1361 251 1460 278 6363
1498 237 1614 278 dicta
1653 237 1766 291 quod
1809 240 1908 277 ante

211 323 280 350 res
314 308 503 350 assentie
535 311 842 362 nuncupantur
1111 323 1238 350 usum
1277 308 1486 351 frumenti
1518 308 1597 350 hec
1632 308 1761 350 arbor
1799 324 1909 349 mor-

151 379 341 421 Adsidos
387 380 527 435 capite
580 394 730 422 censos
778 379 852 433 qui
901 378 1011 420 nihil
1111 380 1274 421 talibus
1307 381 1473 422 uictum
1505 379 1718 435 prebebat

212 454 357 506 preter
376 452 545 506 prolem
560 451 661 492 dare
675 454 881 506 poterant
901 451 1012 492 unde
1051 451 1244 493 Aethera
1292 452 1462 508 generis
1514 451 1710 493 feminini
1756 454 1799 493 et
1844 455 1910 493 est

212 527 255 565 et
286 523 513 579 proletarii
533 523 639 565 dicti
661 526 763 564 sunt
784 526 827 563 et
849 522 1010 564 assidui
1109 523 1229 565 locus
1262 524 1307 565 in
1347 538 1432 578 quo
1466 524 1619 578 sydera
1659 525 1760 565 sunt
1797 524 1909 564 unde

212 595 376 637 milites
410 596 463 636 ab
498 594 755 636 assiduitate
789 593 921 635 officii
1111 595 1261 637 ethera
1293 595 1436 637 sidera
1468 596 1665 637 dicimus.
1718 598 1910 637 ceterum

151 666 413 709 Adsolentes
447 665 700 707 adsilientes
1111 667 1233 708 ether
1254 681 1390 722 genus
1412 667 1641 708 masculini
1662 682 1793 722 supra
1820 682 1910 709 636-

150 737 459 793 Adstipulator
490 737 731 792 promissor
1110 739 1175 780 los
1210 741 1276 780 est
1314 738 1439 793 ignee
1479 739 1801 793 inuisibilisque
1838 754 1910 780 113-

153 810 392 852 Adtonitus
444 813 642 852 attentus
687 810 778 851 3106
829 808 1011 850 fulmine
1111 813 1207 863 ture
1224 825 1353 864 quen]
1368 810 1544 864 quidam
1560 825 1768 866 magnum
1783 812 1909 852 deum

211 884 355 924 tactus
389 881 480 924 siue
512 885 658 923 mente
691 881 916 936 perculsus
1110 882 1179 923 uel
1214 882 1305 924 eius
1339 896 1523 938 regnum
1555 882 1706 924 dicunt

114 953 416 998 5Adtractant
449 953 678 995 attrahunt
1053 953 1236 995 Aeuitas
1283 954 1458 1008 quidem
1508 956 1657 1008 potest
1701 954 1785 995 dici
1837 955 1909 996 sed

151 1025 384 1068 Aduiteret
417 1026 641 1067 adueniret
1111 1041 1259 1067 rarum
1292 1029 1359 1067 est
1397 1026 1442 1067 in
1473 1041 1602 1067 usum
1639 1026 1779 1082 magis
1818 1041 1910 1081 per-

151 1096 411 1139 Adulterina
444 1097 639 1139 adultera
675 1095 743 1152 (de
769 1083 851 1152 915
1111 1098 1305 1152 petuitas
1360 1101 1435 1139 aut
1485 1097 1695 1151 eternitas
1753 1098 1912 1139 dicitur

151 1169 305 1210 Adulti
326 1169 529 1211 dicuntur
548 1169 726 1211 iuuenes
748 1169 853 1210 flore
881 1168 1012 1222 etatis
1112 1184 1268 1211 aeuum
1302 1172 1448 1211 autem
1475 1169 1646 1225 generis
1675 1170 1816 1211 neutri
1845 1172 1912 1211 est

212 1244 256 1283 et
287 1241 556 1284 incremento
589 1241 735 1296 posito
765 1239 831 1297 (sle
858 1238 934 1296 91.)
1112 1240 1180 1298 (de
1208 1239 1282 1298 ql.)

152 1313 268 1355 Aeae
300 1313 548 1355 interiectio
1053 1314 1327 1356 Ae-xitiorum
1355 1313 1728 1369 conspirationum
1761 1313 1912 1355 factio-

98 1405 132 1430 10
151 1383 396 1427 Aeditubus
432 1385 534 1440 quia
566 1386 656 1427 edis
687 1388 755 1426 est
787 1387 936 1427 custus
970 1387 1013 1426 et
1109 1401 1215 1427 num

211 1457 443 1499 scribimus
483 1458 708 1514 dyptonga
744 1456 1013 1498 aeditissima
1051 1457 1326 1499 Affurcillaui
1354 1458 1505 1499 subrui
1531 1457 1784 1500 leuifactaui
1815 1472 1911 1500 con-

211 1545 315 1572 uero
349 1533 651 1585 monoptonga
1112 1530 1227 1571 cussi

151 1601 295 1658 Aegre
327 1602 402 1644 uix
434 1616 541 1656 pene
576 1616 665 1643 non
1028 1600 1147 1656 ·Age
1192 1601 1447 1643 aduerbium
1493 1602 1687 1657 optantis
1733 1605 1800 1644 est
1848 1616 1912 1643 ac·

150 1672 441 1729 Aegripartus
485 1673 559 1728 qui
597 1673 780 1728 pedibus
821 1672 1011 1713 editione
1112 1673 1227 1728 cepit
1254 1676 1400 1716 autem
1427 1674 1530 1715 dum
1551 1677 1594 1716 et
1621 1674 1672 1715 fit
1698 1689 1784 1715 una
1810 1689 1910 1729 pars

211 1745 360 1800 kapite
391 1746 623 1800 pariuntur
1112 1748 1179 1787 est
1211 1759 1315 1801 ergo
1349 1746 1451 1787 dum
1485 1746 1554 1787 uel
1587 1746 1740 1788 natiua
1779 1746 1910 1801 parti-

154 1816 416 1872 Aequabiles
449 1817 652 1872 aequales
1112 1818 1208 1858 cula
1257 1818 1327 1859 uel
1378 1832 1457 1872 pro
1509 1818 1596 1860 cito
1649 1820 1724 1858 aut
1781 1817 1910 1858 modo

150 1887 300 1944 Aeque
334 1889 570 1944 quicquam
601 1889 712 1930 nihil
747 1886 813 1944 (de
840 1885 916 1944 φῖ.)
1113 1887 1179 1945 (de
1206 1887 1283 1946 ql.)

102 1981 134 2005 15
155 1961 304 2016 Aeque
335 1960 488 2002 uident
517 1975 608 2002 non
639 1960 790 2002 uident
823 1957 981 2016 (Viry.)
1052 1960 1196 2016 Agina
1222 1965 1261 2007 R
1294 1959 1481 2016 Scapum
1509 1961 1691 2002 eritiane
1719 1960 1833 2016 quod
1861 1975 1910 2002 60

151 2031 451 2086 Aequimanus
494 2032 740 2088 appellatur
782 2032 856 2087 qui
897 2035 1012 2073 utra·
1111 2047 1315 2074 mensura
1347 2033 1551 2088 ponderis
1585 2036 1744 2089 agatur

213 2118 295 2158 que
322 2119 454 2146 manu
481 2104 677 2161 gladium
710 2104 1014 2146 incunctanter
1050 2104 1293 2160 Aginatore
1326 2105 1649 2160 negotiatorem
1682 2108 1805 2147 actus

210 2177 352 2218 utitur
1052 2176 1251 2232 Agoniae
1277 2176 1456 2219 uictime
1478 2177 1547 2219 uel
1573 2177 1729 2220 hostie.
1765 2177 1912 2219 hostia

152 2247 383 2290 Aerarium
434 2249 648 2303 templum
703 2248 779 2290 ubi
829 2248 1013 2304 pecunia
1112 2250 1255 2290 autem
1279 2249 1422 2290 minor
1441 2249 1623 2291 uictima
1650 2249 1789 2291 maior
1810 2249 1912 2304 quia

210 2319 387 2375 publica
419 2321 598 2375 ponitur
1110 2321 1201 2363 ictu
1246 2321 1362 2363 cadit
1405 2322 1475 2363 uel
1521 2322 1624 2377 quia
1667 2323 1817 2364 uincta
1858 2321 1911 2362 ad

153 2391 264 2433 Aere
308 2391 449 2433 uitam
493 2393 614 2435 ducit
659 2395 704 2434 at
748 2408 925 2434 manum
969 2392 1012 2434 id
1112 2408 1208 2435 aras
1252 2393 1517 2449 perducitur.
1577 2393 1720 2448 hostie
1765 2396 1911 2435 autem

213 2465 280 2505 est
312 2463 497 2518 pecunia
527 2479 657 2506 manu
690 2464 875 2506 collecta
1112 2466 1166 2508 ab
1199 2465 1442 2508 hostimetu
1474 2465 1517 2507 id
1550 2468 1617 2507 est
1650 2467 1910 2520 equamento

152 2534 398 2577 Aeruscans
432 2551 503 2578 aes
537 2537 756 2578 minutum
1110 2537 1180 2579 uel
1227 2537 1338 2592 quod
1392 2552 1542 2580 eorum
1593 2540 1760 2579 mentes
1807 2536 1911 2591 esti-

100 2627 135 2652 20
154 2607 368 2649 Aesculus
401 2609 569 2651 arboris
602 2623 762 2651 nomen
794 2611 862 2650 est
894 2609 1013 2665 glan-
1110 2611 1285 2650 mentur
1341 2609 1501 2664 inique.
1562 2608 1706 2651 hostie
1764 2611 1909 2650 autem

249 2765 281 2797 4.
307 2761 503 2806 proculsus
523 2764 534 2807 ss
555 2765 585 2797 6.
612 2761 822 2797 Aduereret
847 2774 892 2798 m.
907 2765 940 2806 1,
972 2762 1199 2798 Aduerteret
1224 2774 1268 2797 m.
1284 2766 1308 2798 2
1329 2764 1342 2807 ΙΙ
1368 2767 1398 2798 8.
1425 2762 1543 2808 positi
1562 2765 1574 2808 ΙΙ
1594 2766 1649 2797 10.
1677 2761 1742 2806 qui
1769 2761 1873 2796 aedis
1902 2761 1906 2809 Ι

154 2822 279 2856 custos
305 2832 350 2856 ex
375 2822 502 2856 custus
528 2832 618 2857 coo-r.
649 2823 653 2865 Ι
689 2823 727 2856 et
752 2833 818 2858 om.
849 2824 853 2867 Ι
889 2822 1074 2868 diptonga
1111 2825 1122 2867 Η
1161 2826 1216 2858 12,
1245 2821 1436 2858 aeditione
1463 2835 1506 2858 ea:
1540 2821 1754 2857 aediotione
1780 2833 1871 2858 corr.
1902 2822 1907 2869 Ι

155 2880 279 2926 capite
314 2881 318 2927 Ι
352 2880 508 2926 pariunt
531 2893 576 2916 m.
592 2886 625 2926 1,
650 2882 851 2927 pariuntur
875 2885 962 2918 m.2
993 2885 1005 2928 ΙΙ
1039 2886 1093 2919 16,
1120 2881 1250 2928 gladio
1276 2893 1321 2917 ex
1346 2882 1518 2927 gladium
1543 2893 1633 2917 corr.
1668 2882 1679 2926 ΙΙ
1713 2885 1767 2917 18.
1794 2881 1872 2917 uite
1902 2881 1906 2928 Ι

153 2939 248 2975 dicit
273 2941 278 2985 Ι
314 2951 358 2974 36
389 2941 400 2985 ss
431 2944 487 2976 21.
515 2940 640 2976 sidera
666 2943 720 2977 bis
751 2944 762 2987 ΙΙ
788 2945 844 2977 22.
870 2942 968 2988 plac.
995 2944 1070 2978 cod.
1105 2946 1109 2987 Ι
1142 2942 1384 2987 perpetuetas
1410 2954 1455 2977 m.
1471 2946 1504 2986 1,
1529 2941 1764 2986 perpetuitas
1789 2954 1834 2978 m.
1850 2945 1872 2977 3
1907 2947 1910 2988 l

153 3003 209 3035 24.
242 2999 475 3035 lauefactaui
512 3002 524 3045 ΙΙ
561 3003 618 3037 25.
652 3000 793 3046 accipit
832 3004 836 3045 1
876 3013 964 3047 pars
998 3002 1160 3048 agedum
1195 3003 1253 3046 (eoe
1280 3001 1464 3048 aegedum
1489 3003 1596 3046 corr.)
1623 3002 1682 3036 est
1721 3002 1727 3046 1
1765 3000 1909 3047 placidi

151 3060 228 3095 eod.
267 3060 279 3105 ΙΙ
315 3063 371 3112 26.
399 3059 586 3094 ericianae
622 3061 635 3106 ss
672 3064 726 3096 27.
753 3060 1001 3107 Aginatorem
1038 3064 1049 3107 ΙΙ
1088 3065 1144 3096 28.
1176 3060 1281 3095 hictu
1316 3063 1320 3106 Ι
1355 3060 1468 3105 uicta,
1501 3073 1526 3095 n
1549 3071 1650 3106 supr.
1676 3073 1744 3098 scr.
1780 3064 1784 3106 1
1824 3072 1907 3107 pro-

154 3118 304 3154 ducitur
322 3121 334 3165 ss
