2221 3490
222 152 309 194 420

220 262 394 304 Molitio
428 259 654 302 meditatio
689 255 795 298 mali

225 332 518 388 Adstipulatio
553 328 799 371 adfirmatio

224 408 450 460 Amopaga
482 402 845 455 archisinagogus
879 400 945 439 est

222 477 412 518 Multata
444 488 650 530 percussa

172 561 203 586 ·5
222 547 400 590 Fefellit
432 546 730 588 fraudulenter
763 542 975 584 mentitur

222 620 412 662 Metrum
444 618 638 660 modium

224 691 463 746 Dispicatis
497 689 706 744 disruptis

224 763 515 818 Eripisissent
548 761 787 803 inruissent

225 835 452 877 Efflabant
484 833 648 876 mortui
683 834 785 874 sunt

175 921 206 946 ιο
228 906 414 963 Sumpta
446 905 621 962 puplico
652 902 919 946 adiutorium
951 900 1087 956 rega-li

226 979 346 1021 Tabo
380 978 556 1034 putrido

226 1050 537 1093 Infaustiorem
570 1048 856 1091 infeliciorem

228 1123 461 1165 Portarum
500 1122 754 1163 indumenta
792 1120 836 1161 id
874 1121 941 1160 est
974 1117 1092 1158 coria

290 1195 448 1250 quibus
483 1196 608 1248 porte
643 1193 793 1234 indute
827 1193 929 1232 sunt

229 1267 462 1309 Excidium
495 1280 655 1307 casum-
680 1265 749 1306 uel
784 1263 1031 1304 discensum

179 1353 212 1378 15
232 1338 480 1381 Proceritas
515 1336 726 1379 celsitudo

231 1411 313 1454 Per
333 1411 511 1453 metalla
537 1424 613 1465 per
635 1408 828 1450 diuersas
850 1410 967 1450 artes
989 1405 1093 1448 ferri

291 1484 362 1525 uel
395 1482 503 1524 alias

232 1556 375 1598 Enixa
413 1557 480 1596 est
522 1552 674 1609 genuit
715 1565 877 1607 agnum
918 1551 971 1591 ab
1017 1549 1092 1606 (ab

283 1641 364 1682 pro
398 1642 448 1668 ex
480 1640 582 1669 corr.
615 1639 667 1667 m.
683 1622 727 1680 1)
774 1638 887 1680 agno
935 1620 1094 1664 dicitur

291 1686 426 1742 femin

233 1770 439 1814 Numinis
472 1769 651 1811 uirtutis

236 1844 379 1885 Luxus
412 1841 583 1883 luxoria
614 1840 684 1882 uel
717 1839 899 1881 lasciuia

182 1928 216 1952 20
235 1916 436 1958 Petalum
474 1914 520 1955 in
553 1927 637 1967 quo
671 1910 884 1965 scriptum
919 1913 986 1952 est
1024 1924 1097 1951 no-

296 2003 395 2030 men
428 1987 495 2028 dei
527 1985 598 2026 uel
633 1984 795 2027 tetrffi

236 2059 476 2102 Insolentia
496 2056 797 2112 inquietudine
819 2055 888 2097 uel
915 2054 1098 2096 lasciuia

238 2131 469 2175 Consulari
527 2130 719 2171 delectus
772 2127 978 2183 dignitati
1031 2127 1099 2168 ad—

299 2205 453 2246 ductus

239 2276 448 2318 Facessat
480 2274 650 2316 desinat

239 2347 511 2403 Expiscabar
545 2345 770 2400 capiebam

187 2431 221 2456 25
245 2419 476 2474 Sceptrum
509 2418 635 2472 uirga
666 2416 826 2472 regalis

242 2490 573 2546 Apologiticum
608 2487 900 2530 excusabilem

242 2562 464 2604 Incessere
497 2560 694 2602 incedere

248 2633 489 2675 Arcebatur
521 2631 799 2687 inpelebatur

245 2705 313 2747 Ad
347 2705 537 2746 stadium
570 2704 621 2745 ad
655 2703 801 2744 locum
834 2700 1085 2744 certaminis

191 2790 226 2815 30
248 2776 484 2818 Furtunam
518 2775 656 2817 fatum
690 2773 829 2830 geuiif

245 2847 396 2903 Rogus
430 2848 526 2889 beel
558 2847 628 2888 uel
663 2847 742 2887 aad

248 2918 551 2962 Confectorem
582 2917 907 2959 interfectorem

247 2990 412 3032 Idiotae
446 2991 573 3032 stulti

252 3062 420 3103 Psaltes
454 3062 634 3116 cythara

197 3132 303 3175 35111
336 3133 576 3176 comminus
609 3134 788 3189 propius

737 143 980 181 SPECIMEN
1006 141 1190 179 CODICIS
1216 139 1468 177 LEIDENSIS

1118 250 1485 294 Luculentissime
1519 249 1821 305 splendissime

1120 323 1399 379 Defigmento
1433 321 1777 376 deplasmatione
1809 321 1913 362 hoffi

1122 395 1282 437 Fatum
1313 394 1423 449 uyrd

1126 467 1286 510 Scenas
1319 469 1469 520 turpes
1502 465 1669 507 incesta
1702 464 1984 519 coinquinata

1121 539 1366 582 Eliceretur
1399 539 1732 592 extorqueretur

1122 611 1361 668 Ergastulo
1397 624 1567 652 carcere

1123 684 1175 726 In
1196 684 1419 739 myrthece
1447 682 1492 723 in
1513 682 1641 723 domo
1663 683 1986 737 unguentorum

1125 755 1366 798 Nutatione
1400 753 1674 796 dubitatione

1128 829 1298 870 Harene

1186 900 1349 941 theatri

1128 972 1355 1014 Nundinas
1388 970 1712 1026 negotiationes

1129 1044 1275 1086 Ouans
1308 1043 1501 1099 gaudens

2003 546 2039 571 40

1367 828 1488 869 locus
1554 826 1625 867 uel
1687 825 1986 881 pauimentum

2007 976 2043 1002 45

1129 1116 1407 1171 Tripudiaret
1439 1114 1635 1156 uinceret

1131 1187 1368 1230 Graticulis
1401 1187 1554 1228 ferreis
1586 1185 1716 1227 factis
1749 1186 1872 1227 herst

1130 1259 1364 1301 Baratrum
1396 1259 1472 1301 1011
1504 1259 1573 1300 1131
1607 1258 1676 1300 (131

1130 1331 1291 1374 Vesani
1325 1331 1467 1373 insani
2012 1337 2046 1362 50

1131 1404 1198 1446 Ea
1230 1406 1492 1459 tempestate
1525 1417 1575 1444 eo
1609 1405 1806 1456 tempore

1132 1477 1275 1518 Horas
1322 1476 1498 1518 diurnas
1548 1477 1847 1528 nocturnaque
1893 1480 1994 1514 con-

1191 1550 1397 1604 putantes
1431 1548 1475 1589 id
1507 1550 1573 1588 est
1603 1561 1682 1601 pro
1717 1557 1747 1586 X
1778 1544 1808 1585 l·
1841 1544 1993 1586 diebus

1193 1633 1256 1663 XX
1296 1622 1498 1662 statuunt
1535 1616 1636 1676 (pro
1682 1619 1854 1659 statunt
1892 1631 1993 1658 corr.

1194 1708 1246 1734 m.
1268 1693 1317 1748 1)

1135 1765 1264 1807 Fisco
1297 1764 1473 1819 publico
1508 1762 1701 1804 dominio
1736 1761 1895 1804 cesaris

1134 1836 1274 1893 Regio
1302 1836 1481 1878 morbus
1509 1849 1666 1889 corpus
1693 1833 1831 1876 afficit
1851 1833 1996 1875 colore

1196 1909 1309 1951 sicut
1340 1908 1470 1963 pedes
1504 1906 1726 1962 accipitris

1137 1979 1446 2023 Simultantem
1481 1979 1804 2021 contentionem
2006 1983 2142 2020 fol.32r

1137 2052 1370 2094 Laciniosa
1404 2052 1588 2105 slitende
2019 2058 2052 2083 56

1138 2124 1361 2166 Liberales
1389 2123 1518 2165 litera
1545 2138 1652 2178 quas
1681 2122 1898 2164 seculares
1924 2120 1998 2162 ho-

1198 2196 1336 2238 mines
1370 2196 1523 2250 legunt

1138 2268 1396 2323 Expolitum
1430 2269 1633 2308 ornatum

1140 2340 1331 2382 Infestus
1365 2339 1566 2381 inimicus
1600 2339 1668 2380 uel
1702 2337 1850 2393 grauis

1140 2413 1428 2454 Terebrantes
1462 2410 1737 2466 perforantes

1142 2484 1312 2540 Flagris
1344 2483 1530 2539 flagellis

1141 2556 1327 2598 Infestes
1361 2556 1453 2598 sine
1485 2555 1625 2597 barba

1143 2628 1297 2670 Fibras
1330 2642 1463 2669 uenas

1143 2700 1361 2742 Affatibus
1395 2699 1523 2741 dictis

1143 2771 1269 2813 Basis
1322 2785 1448 2813 omne
1500 2770 1613 2825 quod
1668 2769 2000 2810 fundamentum
2022 2789 2056 2815 (35

1204 2844 1308 2898 poni
1340 2843 1571 2898 subpotest

1147 2915 1478 2958 Contribulibus
1516 2913 1644 2955 simul
1678 2911 1985 2955 contribulatis

1146 2987 1392 3042 Expolicrit
1408 2986 1608 3028 onauerit
1627 2985 1697 3027 1131
1718 2981 2004 3026 declaraucrit

2020 2430 2055 2455 fio

1148 3071 1492 3128 Purgamentum
1526 3069 1765 3125 peripsima
1795 3067 1864 3109 uel
1893 3066 2006 3122 quis-

1209 3143 1352 3199 quilea
