2216 3402
225 132 278 172 16

223 238 449 282 Conlatius
471 252 654 294 magnus
675 253 697 280 e
716 237 905 280 conlatio
925 232 1078 278 factus.

223 309 442 353 Caltulum
485 310 647 366 cinguli
689 323 825 365 genus
865 324 889 350 a
927 310 1077 351 coacto

282 383 368 424 lare
403 382 524 424 calte.

199 461 201 463 ’
223 452 375 495 Catam
407 467 590 508 puerum
617 452 792 493 ductam
823 451 1013 506 puellam
1040 451 1077 492 si

282 525 363 567 hoc
385 538 539 580 genere
562 522 667 564 dicti
687 523 755 564 usi
775 525 877 565 sunt
898 521 1076 577 antiqui.

223 594 433 638 Coniuere
461 594 609 636 oculos
636 594 834 636 claudere
859 594 1078 636 interdum

282 666 564 708 dissimulare.

187 751 202 775 5
224 738 397 781 Circum
430 737 544 786 circa
574 737 659 780 huc
691 737 806 780 illuc.

222 810 447 853 Gabonum
480 824 638 864 equum
677 811 916 851 castratum
950 823 1077 863 quem

281 880 504 936 gaballum
536 894 616 922 nos
649 880 844 922 dicimus.

263 1081 481 1126 INCIPIT
512 1081 629 1123 PER
661 1082 699 1123 D
732 1080 1045 1124 LITTERAM.

221 1166 428 1209 Damium
449 1165 709 1207 sacrificium
727 1165 840 1220 quod
859 1165 904 1206 in
926 1166 1077 1219 operto

278 1238 330 1279 fit
375 1237 488 1292 quod
540 1237 678 1278 bonae
723 1236 826 1278 deae
875 1236 1078 1278 mulieres

279 1308 458 1350 faciunt.

221 1380 438 1435 Deportat
488 1379 703 1434 despoliat
757 1379 949 1422 detrahit
1006 1379 1079 1421 sed

280 1451 453 1506 proprie
488 1451 540 1506 ad
572 1466 730 1506 purum
762 1451 922 1506 redigit
953 1453 996 1492 et
1029 1465 1079 1492 ex

280 1537 389 1576 puro
435 1517 599 1564 clssrum
643 1522 903 1578 accipiemus
943 1521 1079 1564 mani-

281 1593 442 1635 festum
475 1608 525 1635 ex
558 1594 686 1636 claro.

173 1678 204 1701 10
224 1664 480 1720 Diaquilidii
518 1665 646 1706 inferi
685 1665 871 1720 aquilosi
911 1664 1080 1720 antiqui

281 1736 431 1792 nigros
465 1736 675 1778 dicebant.

223 1807 480 1864 Deligauere
522 1807 686 1849 deferre
729 1808 842 1862 quod
883 1810 926 1849 et
968 1807 1079 1849 dedi-

283 1893 379 1921 care
433 1878 634 1921 dicebant
688 1894 767 1934 pro
824 1878 1078 1920 commertio

284 1950 543 1991 litterarum.

224 2020 493 2062 Desudatum
526 2021 680 2063 sudore
714 2024 996 2063 transactum.

225 2090 508 2147 Demulganti
523 2091 785 2148 defringenti
799 2092 869 2133 uel
884 2092 963 2133 sub
976 2091 1079 2147 igni.

224 2162 449 2204 Disertum
481 2163 689 2218 disposite
722 2163 902 2218 digeste.

174 2246 205 2272 15
225 2233 433 2275 Diuinum
465 2233 630 2276 factum
662 2234 963 2276 sacrificatum.

225 2304 366 2346 Domu
398 2304 505 2346 item
537 2305 688 2346 domus
721 2304 947 2346 redditum.

224 2376 462 2432 Depegisse
496 2376 693 2417 defixisse
721 2391 745 2417 a
771 2376 967 2431 pagendo
995 2376 1079 2417 dic-

284 2450 377 2488 tum
398 2447 467 2488 uel
487 2446 750 2502 transegisse
766 2461 790 2487 a
809 2446 1076 2501 paciscendo.

225 2517 453 2559 Dracumis
486 2517 688 2559 lacrimis.

225 2587 472 2630 Decumane
487 2589 674 2630 maximo
693 2604 718 2630 a
737 2588 882 2631 fructu
902 2588 1079 2631 decimo.

173 2673 207 2698 20
226 2658 503 2701 Dismirando
536 2659 768 2702 emirando.

672 128 907 164 PLACIDVS
933 126 1186 162 LIBRORVM
1210 126 1527 163 ROMANORVM

1118 236 1362 291 Derepente
1396 236 1553 278 subito.

1115 306 1425 362 Depelliculari
1481 307 1676 362 decipere
1732 307 1895 349 dictum
1947 322 1973 349 a

1173 378 1443 433 pelliciendo.
1462 411 1468 414 -

1115 448 1220 492 Dice
1251 449 1402 492 dicam.
1475 451 1482 461 '

1115 520 1345 563 Defresum
1401 520 1607 562 detritum
1664 520 1775 562 unde
1832 519 1971 563 adhuc

1173 592 1288 634 fresa
1307 592 1409 634 faba
1427 607 1535 647 quae
1557 592 1724 634 obtrita
1741 591 1971 648 frangitur.

1115 663 1330 706 Dusmum
1373 664 1588 706 incultum
1630 664 1859 706 dumosum
1902 663 1971 705 uel
1992 674 2026 700 2⁵

1176 735 1434 790 squalidum.
2028 727 2032 734 ’

1115 806 1407 848 Desudescere
1447 806 1654 849 desudare
1691 806 1805 849 idest
1847 806 1973 862 depo-

1174 893 1274 920 nere
1309 878 1498 920 sudores.

1115 949 1281 992 Denixe
1314 949 1448 991 enixe.

1115 1020 1332 1062 Donicum
1365 1019 1526 1061 euitem
1558 1019 1692 1062 donec
1724 1020 1922 1064 refutem.

1116 1090 1340 1133 Diuidiose
1375 1090 1568 1132 moleste.

1116 1162 1317 1204 Demisso
1351 1161 1498 1203 deuito
1532 1162 1770 1204 dissimulo.
1993 1175 2028 1200 30

1116 1233 1345 1276 Deiurium
1376 1233 1676 1276 iusiurandum
1709 1236 1876 1276 certum
1914 1234 1974 1276 iu-

1176 1320 1284 1347 rare.

1117 1376 1387 1431 Disliquidos
1401 1376 1708 1432 disperspicuis
1725 1377 1767 1419 id
1781 1377 1975 1433 estquod

1176 1448 1341 1503 liqueat
1373 1462 1465 1490 esse
1498 1450 1547 1489 ut
1579 1450 1645 1489 est
1682 1448 1747 1490 sol
1780 1451 1823 1490 et
1859 1448 1974 1490 luna.

1116 1518 1378 1561 Diumfidius
1411 1519 1522 1561 iouis
1554 1519 1682 1561 filius.

1116 1589 1326 1646 Derupsit
1358 1590 1574 1645 dispersit.

1118 1661 1298 1704 Delioca
1316 1662 1436 1704 locus
1458 1662 1685 1716 depressus
1706 1675 1840 1716 prope
1861 1661 1972 1703 cloa-
1992 1673 2027 1699 35

1178 1749 1272 1776 cam
1329 1732 1563 1774 maximam
1617 1733 1693 1774 ubi
1746 1731 1974 1788 appropin-

1177 1805 1413 1861 quantibus
1446 1804 1574 1860 gallis
1607 1818 1730 1846 sacra
1762 1803 1973 1858 quaedam

1175 1875 1344 1918 romani
1369 1875 1465 1917 loco
1493 1875 1662 1917 occulta
1682 1875 1973 1917 defenderunt.

1117 1946 1304 1989 Demum
1335 1949 1430 1988 tum
1462 1947 1674 2002 deinceps.

1117 2018 1303 2074 Deliquo
1337 2018 1513 2060 obliuio.

1117 2089 1321 2131 Damium
1352 2089 1491 2131 bonae
1523 2089 1626 2131 deae
1659 2104 1840 2132 sacrum.

1117 2160 1325 2203 Diuinum
1364 2176 1462 2203 cum
1500 2161 1743 2216 impediunt
1780 2160 1973 2215 auspicia

1178 2232 1391 2274 actionem
1434 2231 1674 2287 auspicium
1716 2232 1831 2287 quod
1875 2231 1971 2286 quis

1176 2307 1348 2346 secutus
1381 2318 1586 2359 prospere
1625 2319 1716 2346 rem
1749 2302 1970 2359 gessisset.

1116 2374 1297 2429 Deperis
1329 2375 1496 2429 perdite
1529 2390 1662 2417 amas.

1116 2444 1360 2488 Decalcatis
1395 2447 1445 2488 de
1478 2447 1593 2489 calce
1627 2445 1799 2488 ablatis.

1118 2516 1278 2559 Delisit
1310 2517 1462 2558 deliuit
1494 2516 1752 2572 inquinauit.

1118 2588 1258 2630 Ducet
1296 2587 1369 2629 det
1406 2588 1674 2643 dispuditum
1711 2585 1867 2641 puduit
1903 2600 1971 2627 ro-

1177 2660 1259 2701 bur
1289 2658 1384 2701 fuit.

1990 2385 2026 2410 40

322 2803 352 2835 1.
387 2798 582 2835 Consatius
609 2811 653 2835 επ)
678 2798 848 2834 Consatis
877 2801 906 2836 b.
947 2799 1165 2846 Compacius
1192 2812 1216 2835 a
1239 2800 1251 2844 ΙΙ
1281 2802 1313 2835 4.
1350 2798 1489 2834 idiosos
1516 2798 1582 2834 del.
1610 2802 1643 2833 et
1668 2796 1794 2832 oculos
1819 2807 1885 2832 scr.
1913 2797 1933 2832 b
1957 2795 1971 2843 11

229 2863 259 2895 7.
286 2859 534 2894 INCIPIVNT
561 2872 581 2894 α
602 2861 613 2903 ΙΙ
635 2862 688 2894 10.
715 2859 897 2903 Diaquilii
924 2861 944 2895 b
963 2862 975 2904 ΙΙ
998 2852 1050 2895 11.
1078 2858 1300 2904 Deligauere
1320 2860 1340 2894 b
1359 2860 1371 2903 11
1391 2862 1446 2894 13.
1473 2857 1533 2892 uel
1562 2883 1676 2893 .....
1703 2868 1722 2892 c
1739 2858 1752 2902 ΙΙ
1773 2859 1829 2892 15.
1855 2855 1968 2890 sacri-

229 2918 393 2953 facatum
420 2920 439 2954 b
466 2921 477 2963 11
507 2922 561 2954 16.
588 2918 864 2953 Domuitionem
890 2931 980 2954 corr.
1008 2918 1045 2954 b²
1071 2920 1082 2963 ΙΙ
1110 2923 1163 2953 18.
1190 2919 1383 2953 Dracunus
1409 2929 1433 2952 a
1451 2918 1463 2962 ΙΙ
1492 2920 1546 2951 19.
1573 2915 1758 2951 maximae
1784 2916 1804 2950 b
1829 2918 1833 2956 ἲ
1854 2914 1970 2950 fluctu

229 2989 317 3012 corr.
340 2979 377 3011 11²
397 2980 408 3022 ΙΙ
435 2982 489 3012 26.
514 2978 764 3012 Desudescere
785 2978 966 3012 desudare
986 2979 1028 3013 in
1046 2990 1117 3013 ras.
1133 2990 1156 3012 a
1175 2979 1186 3021 Η
1206 2982 1260 3013 27.
1283 2989 1347 3013 om.
1365 2979 1383 3012 b
1404 2978 1416 3020 ΙΙ
1435 2979 1490 3010 29.
1511 2975 1701 3010 Duudiose
1721 2975 1776 3010 b¹.·
1795 2985 1886 3009 εον-ν.
1902 2973 1940 3009 b²
1958 2974 1970 3020 {l

229 3041 285 3071 31.
312 3036 502 3070 Deuirium
529 3039 579 3072 ab
599 3040 609 3082 [Ι
630 3041 683 3072 32
712 3037 809 3071 idest
834 3037 1027 3082 deliqueat
1052 3049 1075 3072 a
1093 3038 1105 3081 ΙΙ
1125 3042 1180 3072 33.
1206 3037 1318 3071 Dium
1343 3035 1436 3072 (ium
1462 3036 1503 3069 ‘in
1528 3037 1616 3078 ras.)
1639 3033 1750 3069 fidius
1777 3034 1808 3069 b.
1846 3031 1914 3067 Di.
1933 3060 1939 3067 .
1955 3051 1967 3058 -

229 3095 337 3131 fidius
364 3108 381 3131 c
401 3097 411 3141 ΙΙ
438 3100 492 3131 35.
521 3096 542 3131 f.
571 3096 719 3130 Doliola
745 3096 784 3131 ff.»
805 3099 809 3142 Ι
833 3095 1193 3142 apropinquantibus
1221 3097 1240 3131 b
1265 3098 1276 3141 ΙΙ
1297 3099 1352 3131 39.
1378 3105 1532 3140 prosper
1557 3106 1580 3128 a
1602 3096 1606 3129 ,Ι
1634 3103 1710 3127 rem
1736 3103 1762 3128 s.
1788 3103 1856 3127 ser.
1883 3091 1902 3126 b
1939 3091 1951 3136 ΙΙ
