2216 3402
675 143 908 179 PLACIDVS
934 144 1063 178 LIBRI
1091 143 1382 179 GLOSSARVM

157 255 346 298 Vicatim
369 254 631 296 castellatim
653 256 754 295 sunt
775 253 889 295 enim
915 253 1011 295 loca

216 342 298 382 que
337 328 390 369 ab
430 326 629 382 ingenuis
674 325 931 367 habitantur
969 327 1011 366 et

216 398 317 454 quia
365 413 444 441 nec
499 398 628 440 uillae
679 412 757 438 nec
809 396 1010 439 ciuitates

214 473 398 525 possunt
434 468 628 524 appelari
652 469 774 510 uicus
808 467 1011 510 dicuntur

213 556 313 582 nam
338 541 536 582 latinitas
563 540 718 595 recipit
744 542 793 581 ut
817 539 1008 580 dicamus

214 612 393 655 uicatim
415 615 458 654 et
479 611 719 667 oppidatim
742 610 865 665 quasi
886 610 1007 652 uicus

213 687 257 726 et
283 683 438 726 ciuitas
472 684 586 738 quod
620 686 686 724 est
719 683 925 737 oppidum

153 755 360 797 Vicissim
401 755 475 809 qui
514 753 597 796 sibi
642 754 829 796 inuicem
868 768 1008 796 succe-

212 828 320 868 dunt
346 826 541 881 alioquin
567 826 785 880 operando
813 827 858 866 at
885 825 1008 880 aquis

212 898 295 940 sibi
327 898 514 940 inuicem
542 897 705 952 aliquid
732 899 883 938 mutuo
916 912 1008 952 pre-

213 972 333 1011 stant
364 966 603 1024 uicissim1)
636 969 793 1010 dicitur

155 1041 314 1083 Viliter
352 1041 534 1084 dicimus
574 1040 880 1082 aduerbialiter
921 1055 1006 1082 non

214 1113 297 1155 uile
331 1112 445 1155 enim
477 1127 635 1154 nomen
667 1114 734 1154 est

152 1185 314 1240 Vipera
353 1198 487 1240 genus
529 1184 714 1238 quodam
760 1186 1008 1238 serpentum

212 1256 327 1311 quod
384 1258 560 1297 actenus
612 1255 739 1296 sicoit
789 1255 1007 1296 masculus

211 1327 307 1369 inos
353 1327 536 1380 faemine
588 1326 741 1368 inserit
785 1329 915 1382 caput
966 1329 1008 1368 et

211 1398 302 1440 11110
333 1398 466 1453 impia
498 1398 725 1440 libidinem
755 1398 896 1454 agitat
924 1413 1004 1453 que

210 1470 430 1526 exagitata
455 1484 532 1524 per
551 1469 758 1511 feminam
781 1485 877 1512 cum
903 1470 1007 1512 acri-

210 1548 277 1583 ter
307 1541 440 1583 fuerit
473 1544 649 1583 actenus
677 1557 701 1583 a
733 1541 912 1584 libidine
945 1541 1006 1583 ni-

210 1613 297 1654 mia
329 1612 616 1668 conprimitur
642 1613 788 1668 sicque
822 1614 1007 1656 trucida-

211 1687 281 1726 tur
302 1699 399 1726 cum
427 1699 528 1727 uero
557 1685 804 1740 conceperit
832 1688 1006 1740 partum

212 1756 342 1798 catuli
375 1756 597 1811 perforato
626 1771 837 1811 exesoque
870 1758 1006 1798 latere

211 1827 364 1869 matris
402 1827 642 1882 procedunt
686 1827 832 1882 sicque
871 1828 921 1869 fit
958 1831 1007 1869 ut

213 1899 439 1954 utriusque
472 1898 596 1954 impii
629 1898 799 1955 generis
837 1899 907 1940 1101
939 1913 1005 1941 00-

211 1971 350 2012 eundo
377 1971 447 2012 uel
482 1971 726 2026 generando
758 1973 916 2012 natura
941 1971 1008 2012 de-

208 2044 358 2097 pereat

113 2129 129 2153 5
151 2113 455 2170 Virgultorum
492 2113 535 2155 id
569 2117 636 2156 est
673 2114 899 2170 uirgarum
936 2115 1005 2156 uel

207 2185 553 2227 humillimarum
598 2186 803 2228 arborum
846 2200 1005 2241 genera

209 2254 367 2314 (Vir-9.)

149 2328 276 2371 Vltro
300 2329 493 2384 citraque
514 2329 600 2371 huc
619 2332 748 2384 atque
770 2330 873 2372 111110
894 2329 1003 2371 citro

210 2401 259 2442 ad
295 2415 374 2442 nos
407 2402 522 2444 ultro
555 2401 659 2444 illuc

150 2471 302 2513 Vomis
336 2474 380 2514 et
410 2487 561 2514 nomer
593 2473 752 2515 dicitur
785 2471 850 2529 (de
877 2471 953 2529 ql.)

270 2604 303 2647 1)
331 2606 415 2647 post
441 2600 609 2636 uicissim
636 2602 772 2637 lacuna
798 2605 821 2638 7
847 2603 916 2638 litt.
945 2604 957 2646 ΙΙ

1817 144 1899 185 103

1051 252 1340 295 Votissimum
1381 254 1495 309 quod
1532 253 1619 294 iam
1658 253 1903 295 dedicatum

1109 327 1261 366 uotum
1293 325 1408 367 uotis
1441 325 1486 366 in
1519 324 1736 379 capituleo
1773 324 1902 366 solito

1048 394 1176 438 Votis
1209 395 1254 437 in
1287 396 1495 451 capitulio
1529 396 1611 438 rite
1642 396 1902 450 nuncupatis

1107 470 1331 509 morentur
1381 467 1548 522 cupatis
1599 467 1642 509 id
1687 470 1753 509 est
1798 467 1903 522 cele-

1107 539 1244 581 bratis

1048 610 1193 652 Vouet
1227 611 1350 652 obtet
1382 610 1603 665 promittit
1630 609 1900 652 consideran-

1106 682 1207 723 dum
1253 696 1355 723 sane
1401 684 1467 723 est
1513 680 1614 736 quia
1653 681 1726 736 qui
1771 683 1903 722 uouet

1107 768 1232 795 suum
1277 768 1403 795 suum
1453 752 1677 808 proprium
1729 767 1902 794 mouere

1107 825 1235 866 debet
1266 824 1310 866 id
1343 827 1411 866 est
1442 823 1699 879 promittere

1046 896 1218 952 Vulgus
1240 895 1500 952 regulariter
1527 894 1698 950 generis
1720 895 1901 936 masculi

1106 970 1173 1010 est
1199 967 1401 1023 uirgilius
1427 981 1531 1008 uero
1558 966 1706 1021 posuit
1733 969 1776 1008 et
1801 981 1902 1008 neu-

1107 1039 1277 1081 traliter
1831 1091 1834 1094 ‚

1045 1111 1216 1168 Vulgus
1278 1113 1383 1153 nota
1438 1110 1668 1152 masculini
1730 1109 1900 1165 generis

1105 1183 1244 1239 magis
1285 1197 1378 1224 esse
1417 1197 1547 1238 quam
1585 1181 1729 1223 neutri
1770 1182 1901 1237 uirgi-

1104 1255 1189 1296 lius
1231 1269 1435 1310 spargere
1474 1268 1602 1296 uoces
1642 1253 1687 1294 in
1719 1253 1900 1308 uulgum

1106 1325 1409 1368 etvmasculini
1442 1324 1612 1381 generis
1646 1340 1737 1366 esse
1778 1339 1901 1379 opor-

1105 1401 1195 1439 tere
1221 1397 1384 1439 indicat
1411 1411 1534 1438 casus
1568 1395 1790 1452 genitibus
1818 1395 1900 1437 sin-

1105 1469 1269 1525 gularis
1314 1471 1360 1510 to
1401 1468 1515 1510 idem
1561 1467 1740 1523 syllabis
1785 1467 1899 1522 quod

1103 1540 1400 1583 nominatibus
1434 1539 1479 1581 in
1510 1539 1592 1581 11οο
1625 1553 1781 1595 genere

1045 1720 1190 1763 Xenia
1210 1720 1324 1776 quod
1346 1722 1447 1761 sunt
1472 1718 1668 1774 proemia
1694 1718 1762 1760 uel
1789 1718 1901 1759 dona

1104 1807 1179 1847 per
1211 1807 1238 1833 x
1272 1790 1547 1833 scribendum

1045 1970 1203 2025 Yaspis
1254 1983 1331 2024 per
1374 1984 1401 2024 y
1447 1982 1574 2024 greca
1625 1968 1899 2010 scribendum

1105 2040 1170 2098 (dc
1193 2040 1268 2098 (sl.)

1044 2112 1202 2168 Yaspis
1235 2127 1393 2154 nomen
1423 2126 1619 2168 gemmae
1646 2112 1715 2153 1101
1742 2112 1898 2167 lapidis

1044 2185 1201 2240 Yaspis
1248 2199 1420 2241 gemma
1464 2183 1634 2239 generis
1675 2182 1901 2225 foeminini

1102 2256 1304 2313 uirgilius
1337 2255 1537 2311 yaspides
1564 2255 1685 2296 fulua
1710 2270 1811 2296 nam
1841 2255 1901 2296 ui-

1102 2329 1207 2371 ridis
1241 2331 1307 2370 est
1347 2328 1420 2370 sed
1452 2342 1531 2382 pro
1563 2326 1693 2368 uiridi
1735 2326 1900 2367 fuluam

1101 2401 1250 2457 posuit
1264 2403 1313 2441 ut
1333 2400 1438 2441 alibi
1458 2399 1625 2441 fuluam
1640 2398 1746 2440 dicit
1765 2398 1901 2439 fulua-

1103 2488 1184 2528 que
1218 2474 1348 2527 eaput
1380 2473 1609 2513 nectentur
1642 2470 1757 2512 oliua

270 2712 300 2743 1.
329 2708 513 2754 appellari
538 2711 549 2754 ΙΙ
581 2713 612 2744 2.
641 2709 707 2743 aut
732 2708 816 2753 quis
839 2711 844 2754 Ι
875 2710 1045 2754 praestat
1068 2709 1071 2755 Ι
1095 2708 1262 2744 uicissim
1288 2708 1329 2743 id
1353 2707 1434 2743 fieri
1459 2709 1471 2753 ΙΙ
1503 2712 1534 2742 3
1562 2705 1831 2741 aduerbialiter
1857 2717 1901 2741 em

150 2767 393 2803 auerbialiter
419 2779 508 2804 corr.
535 2770 547 2813 ΙΙ
576 2772 608 2804 4.
636 2767 844 2803 collatenus
871 2780 915 2804 ex
941 2769 1185 2813 quolactenus
1212 2780 1303 2804 corr.
1327 2768 1332 2812 Ι
1356 2766 1487 2802 siccoit
1509 2768 1513 2810 Ι
1536 2765 1724 2800 masculus
1752 2776 1796 2800 ex
1821 2777 1899 2799 ma-

150 2828 254 2863 culus
280 2839 370 2863 corr.
407 2828 410 2875 Ι
445 2827 553 2862 inhos
588 2830 592 2871 Ι
626 2827 785 2862 foemine
820 2828 824 2875 Ι
858 2828 1014 2874 impiam
1048 2830 1052 2872 Ι
1087 2840 1154 2874 per
1187 2828 1191 2874 Ι
1226 2826 1429 2862 foeminam
1458 2828 1463 2870 Ι
1497 2824 1649 2859 libidini
1674 2836 1716 2860 ea:
1743 2823 1900 2859 liuidine

148 2900 239 2923 corr.
264 2889 269 2933 Ι
290 2887 423 2934 nimia]
450 2887 615 2922 foemina
637 2889 641 2932 Ι
664 2891 907 2932 exe{soque
939 2890 950 2934 ΙΙ
982 2891 1013 2924 5.
1040 2888 1079 2922 id
1107 2888 1178 2933 est]
1205 2887 1306 2921 idem
1331 2888 1343 2930 ΙΙ
1375 2889 1406 2920 6.
1433 2884 1542 2919 Vltra
1569 2896 1612 2919 ex
1637 2884 1744 2919 Vltro
1770 2896 1861 2920 corr.
1893 2884 1896 2931 Ι

148 2947 240 2982 illuc
266 2946 362 2981 citra
384 2950 388 2991 Ι
411 2946 511 2981 ultra
535 2958 580 2982 ex
604 2947 703 2982 ultro
729 2958 820 2983 corr.
847 2949 859 2993 ΙΙ
884 2952 915 2984 8.
943 2947 1160 2983 dedicatum
1186 2947 1244 2981 est
1265 2948 1270 2990 Ι
1292 2947 1384 2979 notu
1411 2955 1455 2979 ac
1477 2945 1482 2989 Ι
1506 2943 1687 2989 capitulio
1713 2946 1724 2988 ΙΙ
1752 2948 1806 2979 10.
1835 2943 1898 2978 ob-

149 3008 207 3041 tat
235 3009 240 3052 Ι
269 3019 376 3041 31111111
402 3007 504 3042 alter.
532 3017 596 3042 om.
627 3008 632 3052 Ι
660 3017 796 3042 uouere
822 3019 866 3042 eoe
891 3019 1040 3043 mouere
1067 3019 1156 3043 corr.
1188 3004 1431 3051 {permittere
1468 3006 1479 3049 ΙΙ
1518 3007 1571 3038 11.
1599 3003 1798 3039 masculini
1827 3006 1832 3046 Ι
1861 3005 1899 3038 et

149 3079 217 3102 om.
255 3068 266 3112 ΙΙ
285 3070 360 3104 ‚1⁶2.
388 3065 579 3112 genitibus
606 3079 649 3102 m.
668 3070 698 3112 1,
726 3066 917 3112 genitiuus
943 3080 988 3103 m.
1005 3071 1028 3101 6
1063 3067 1066 3113 Ι
1102 3065 1248 3100 sillabis
1283 3067 1288 3109 Ι
1322 3062 1578 3099 nominatibus
1604 3075 1648 3098 m.
1665 3066 1697 3108 1,
1730 3062 1897 3098 nomina-

152 3126 253 3161 tiuus
280 3138 323 3161 m.
340 3130 362 3161 6
389 3128 399 3172 ΙΙ
430 3129 557 3171 14--11,
581 3129 659 3170 104,
682 3129 736 3162 15.
763 3127 829 3161 has
853 3128 901 3172 syl.
926 3124 994 3163 om.
1025 3130 1036 3172 ΙΙ

1924 622 1956 646 10

1921 2128 1954 2154 15
