2221 3490
749 157 1002 192 EXCERPTA
1030 157 1092 191 EX
1120 156 1309 192 GLOSSIS
1336 156 1368 190 A
1387 155 1419 190 A

217 268 443 310 Benesulis
465 283 562 309 eum
582 268 689 308 bene
711 267 955 323 interrogas
972 282 1068 309 eum

217 339 425 382 Belliccm
458 338 676 393 publicem

219 409 527 453 Beneconsolis
559 411 667 452 bene
699 409 893 465 prouidis

219 483 484 524 Benebertat
515 481 623 523 bene
655 481 804 523 ueniat

182 569 198 593 5
218 553 379 595 Bestiis
413 553 580 608 subrigi
614 553 664 594 ad
697 552 849 594 uestiis
883 552 999 593 mitti

217 625 392 667 Biblum
415 624 529 666 funis
551 625 600 666 cle
620 639 730 666 naue
751 639 801 666 ex
818 624 934 665 buda
954 623 1069 665 facta

218 697 426 751 Bicaptus
461 696 543 737 duo
577 696 718 750 capite
750 696 914 737 habens

216 768 373 822 Biceps
405 767 623 822 bicapitus
658 782 733 808 scu
766 782 941 822 serpens

217 839 451 881 Biduuium
484 853 566 894 que
605 841 706 893 post
738 839 844 880 duos
888 839 1070 880 maritos

277 910 408 952 uidua
441 913 507 952 est

168 995 198 1020 ιο
218 982 426 1024 Biennem
460 982 642 1024 duorum
674 997 882 1024 annorum

218 1053 358 1096 Bifert
391 1053 604 1108 duplicem
638 1053 723 1095 fert

219 1125 381 1167 Bisulis
414 1140 570 1180 porcus
603 1125 780 1180 ungulis
812 1126 940 1167 fissus

219 1197 451 1252 Bispillum
485 1197 560 1238 ubi
593 1197 778 1239 mortuis
810 1201 990 1253 portant

218 1269 518 1311 Bithalassum
548 1269 830 1311 uadosomare
863 1269 976 1311 idest
1002 1286 1070 1311 ua-

278 1341 380 1382 dum
413 1341 545 1382 maris

168 1423 198 1449 ¹5
219 1412 378 1454 Binum
411 1412 495 1454 iter
527 1412 684 1467 duplex
717 1413 828 1455 idest
861 1414 941 1467 due
974 1414 1042 1467 uitg

217 1482 403 1538 Biciptis
436 1484 502 1525 bis
537 1486 694 1539 agutus

217 1554 373 1611 Biceps
406 1555 473 1597 bis
508 1558 660 1597 acutus

218 1628 427 1684 Bigalnus
462 1627 645 1670 secunde
677 1629 825 1670 uxoris
859 1628 1042 1670 maritus

219 1699 378 1741 Bibera
411 1699 598 1742 secunda
629 1714 738 1741 uxor
770 1700 838 1741 uel
870 1701 1055 1741 coniunx

166 1784 199 1807 2⁰
220 1770 404 1812 Riremis
438 1771 621 1813 duorum
654 1786 870 1812 remorum

219 1842 321 1883 Blat
355 1842 515 1883 stultus

219 1913 415 1955 Blaterat
448 1914 580 1956 stulte
615 1914 867 1969 obloquitur

220 1985 442 2027 Blaterare
484 1989 686 2040 corrupte
720 1988 762 2027 et
800 2002 983 2041 perpera
1014 1987 1072 2028 lo-

281 2071 409 2111 quere
443 2057 554 2098 sicut
587 2058 731 2099 curius
764 2072 860 2099 cum
894 2059 1058 2099 delerat

221 2129 360 2170 Boare
394 2128 580 2170 clamare
615 2143 768 2171 sonare

167 2212 200 2237 2⁵
223 2200 604 2242 Blatisetbalteras
638 2201 873 2257 constrigis
908 2204 983 2243 aut
1015 2202 1073 2243 iu-

282 2271 453 2313 condite
487 2275 530 2313 et
561 2272 749 2314 inaniter
780 2272 975 2328 loquitur

221 2343 376 2384 Blesus
410 2346 556 2385 mutus
589 2343 709 2386 molli
743 2343 891 2400 lingue

221 2414 403 2456 Brattea
430 2415 522 2456 auri
548 2415 757 2457 lammina
777 2431 851 2458 seu
872 2417 1077 2459 deaurata

222 2486 480 2528 Broccisunt
512 2488 724 2541 producto
753 2488 843 2530 orei
873 2489 1075 2531 dentibus

282 2558 629 2613 prominentibus

222 2629 410 2671 Bromus
445 2631 622 2685 squalor

167 2712 203 2737 30
223 2701 385 2743 Brutus
413 2701 575 2743 stultus
607 2717 681 2744 seu
706 2717 843 2744 uanus
865 2703 991 2745 corde
1018 2703 1079 2744 in-

284 2772 446 2827 sipiens
479 2774 546 2815 ue]
582 2774 742 2829 gordus
775 2773 922 2829 grabis

223 2844 447 2886 Erubescit
491 2860 666 2887 sensum
711 2845 868 2887 minuit
908 2845 977 2887 uel
1018 2846 1079 2887 in-

285 2916 445 2971 sipiens
479 2917 529 2958 fit

1872 154 1958 195 443

1108 267 1272 308 Boatus
1305 280 1389 308 uox
1421 266 1551 321 plana
1583 279 1656 306 scu
1689 263 1881 319 mugitus

1108 338 1257 380 Boetis
1292 338 1419 379 stella
1452 340 1519 379 est

1108 409 1302 451 Bombus
1336 424 1467 451 sonus
1501 408 1797 450 columbarum

1108 481 1329 523 Bonificus
1361 480 1476 522 bona
1507 479 1668 521 faciens
1981 488 2014 512 35

1107 551 1414 594 Boniuolcntia
1446 552 1560 593 bona
1591 551 1794 593 uoluntas

1108 624 1231 666 Bona
1263 623 1422 665 caduca
1460 622 1690 664 facultates
1725 636 1805 676 qut*
1844 622 1961 662 here-

1168 696 1264 736 dem
1296 709 1383 736 non
1414 694 1577 735 habent
1608 693 1721 734 idcst
1748 693 1838 734 sine
1872 708 1961 747 per-

1170 781 1322 808 sonam
1355 780 1431 806 seu
1464 779 1531 806 res
1565 765 1861 806 damnatorem

1110 839 1233 879 Bona
1264 836 1469 878 instituta
1500 836 1614 877 bona
1646 836 1844 878 doctrina

1110 910 1374 950 Brutescunt
1407 907 1542 948 stulta
1574 907 1684 948 fiunt

1109 981 1273 1022 Brocca¹
1305 980 1480 1021 labi-osa
1985 990 2018 1011 40

1110 1052 1268 1093 Boetes
1304 1051 1424 1092 stilla
1457 1050 1569 1092 idest
1602 1050 1847 1104 septenario

1110 1124 1288 1165 Boando
1321 1121 1599 1164 uociferando

1111 1195 1302 1237 Boantes
1337 1194 1572 1236 clamantes

1112 1268 1250 1309 Boare
1283 1280 1437 1307 sonare
1470 1268 1661 1319 strepere

1112 1338 1204 1379 Boa
1235 1352 1394 1379 nomen
1427 1337 1640 1392 serpentis
1985 1346 2018 1369 *151

1112 1409 1377 1451 Bobinatore
1410 1409 1708 1450 inconstantes

1111 1481 1234 1523 Bona
1262 1481 1422 1523 caduca
1445 1480 1675 1522 facultates
1698 1480 1853 1535 quibus
1880 1496 1967 1521 non

1171 1551 1363 1594 succedit
1395 1553 1509 1594 ullus
1543 1566 1635 1593 eres

1112 1625 1275 1666 Bomus
1309 1638 1439 1666 sonus
1474 1626 1548 1666 aut
1580 1638 1663 1665 uox

1112 1697 1323 1738 Bortama
1353 1698 1467 1738 tecte
1502 1695 1713 1737 manualis

1113 1767 1356 1809 Bobinatur
1390 1767 1519 1808 tricat
1552 1766 1784 1808 insidiosus
1984 1776 2017 1799 50

1113 1838 1306 1880 Bombus
1340 1853 1470 1880 sonus
1504 1838 1694 1879 tumidus

1114 1911 1207 1951 Boa
1239 1910 1364 1952 besta

1114 1982 1239 2024 Bubo
1284 1996 1441 2023 nomen
1486 1980 1579 2022 auis
1621 1984 1687 2023 est
1731 1985 1968 2024 nocturneo

1175 2053 1344 2095 minosa
1375 2053 1488 2094 idest
1520 2053 1747 2107 nyticorax

1114 2125 1254 2166 Bucer
1285 2139 1416 2179 pecus
1448 2124 1590 2166 bubus

1114 2197 1280 2238 Bucera
1313 2197 1447 2238 boues
1991 2204 2024 2228 55

1115 2267 1280 2309 Bucula
1312 2268 1444 2310 bacca

1115 2339 1312 2381 Bucones
1347 2339 1473 2381 stulti
1505 2340 1575 2381 uel
1608 2339 1760 2382 rustici

1115 2412 1339 2453 Buccones
1379 2411 1452 2466 qui
1486 2411 1657 2453 diuersa
1696 2425 1856 2467 genera
1887 2411 1970 2466 pis-

1176 2483 1289 2525 cium
1321 2483 1515 2525 uendunt

1114 2556 1357 2597 Bucenarte
1390 2570 1519 2597 uoces

1113 2625 1301 2669 Bustum
1329 2627 1644 2668 affiammatum
1672 2627 1824 2669 ardens
1852 2629 1968 2668 ustu-
1991 2634 2024 2659 ⁶0

1177 2699 1315 2740 latum

1117 2771 1301 2812 Bustum
1329 2770 1567 2812 ustulatum
1595 2771 1971 2825 praefiammatum

1178 2841 1285 2885 cinis
1301 2857 1421 2884 sacer
1436 2844 1629 2884 assatum
1646 2842 1798 2884 ardens
1815 2842 1882 2883 uel
1898 2842 1971 2883 ubi

1178 2915 1388 2956 cadauera
1410 2913 1635 2955 hominum
1664 2914 1972 2955 comburentur

323 3085 354 3116 7.
382 3079 510 3126 capita
535 3082 584 3116 ab
605 3082 616 3126 ΙΙ
638 3085 691 3115 13.
719 3081 885 3115 mortuos
911 3082 962 3116 ab
982 3083 993 3126 ΙΙ
1021 3084 1075 3116 15.
1102 3079 1302 3127 Bissssssium
1328 3091 1352 3114 a
1370 3081 1381 3124 ΙΙ
1404 3082 1456 3113 16.
1484 3077 1657 3123 Bicipitis
1683 3090 1707 3113 a
1725 3079 1737 3123 ΙΙ
1763 3082 1819 3113 23.
1847 3077 1971 3113 ebrius

227 3141 278 3175 ab
309 3141 321 3185 ΙΙ
353 3144 407 3176 30.
435 3140 576 3186 gurdus
603 3141 653 3176 ab
685 3141 696 3184 ss
728 3143 783 3175 46.
811 3139 1057 3175 Bobinatores
1084 3153 1107 3175 a
1137 3141 1149 3185 ΙΙ
1182 3143 1235 3175 52.
1261 3138 1386 3174 bestia
1413 3151 1435 3174 a
1466 3140 1477 3183 ΙΙ
1511 3141 1564 3173 54.
1591 3137 1774 3173 bubulum
1801 3138 1851 3173 ab
1883 3139 1894 3183 ΙΙ
