2175 3428
131 1417 164 1442 10

135 2499 170 2524 20

646 139 904 176 EXCERPTA
931 139 996 174 EX
1021 138 1165 175 LIBRO
1194 138 1484 175 GLOSSARVM

181 251 437 295 Triclinium
490 266 667 308 grecum
719 253 786 293 est
831 265 881 292 eo
927 250 1043 305 quod

242 328 330 367 tres
363 325 502 367 lectos
535 322 706 379 antiqui
737 323 783 365 in
816 323 943 364 domo
970 322 1043 364 ha-

240 398 395 440 berent
428 397 481 439 ad
513 395 812 452 prandendum

181 469 439 512 Triclinium
473 467 752 510 caenaculum
791 467 834 508 id
868 468 936 508 est
968 466 1041 507 tri-

240 541 351 584 niles
384 541 454 583 uel
488 539 684 594 superior
715 539 843 580 nidus

181 614 351 656 Trieres
371 626 505 654 naues
522 610 723 653 sallutius
739 611 867 652 dorso
884 610 1042 651 fluetus

242 685 388 728 trieris
422 684 685 739 adequatum

182 757 398 800 Trifaueis
431 756 517 798 tria
550 757 731 811 guttura
762 755 929 797 habens

181 830 363 874 Triones
383 827 660 883 aboriginum
682 827 833 883 lingua
849 828 1042 868 aratores

242 902 377 944 bobes
434 900 598 942 triones
652 898 776 954 quasi
831 897 1043 940 terriones

242 974 498 1017 dicebantur
518 970 720 1028 uirgilius
749 970 946 1028 geminos
969 970 1043 1025 qui

242 1046 410 1088 triones

181 1119 391 1175 Tripudia
425 1117 584 1175 gaudia

182 1190 414 1247 Tripudiat
447 1189 606 1246 gaudio
641 1189 809 1231 exultat

181 1263 411 1319 Tripudiat
444 1262 603 1319 gaudet
636 1262 705 1303 uel
739 1261 908 1303 exultat
963 1288 967 1292 -

183 1334 489 1392 Tripudiantes
524 1334 764 1391 gaudentes

186 1408 394 1464 Tripuclio
429 1407 576 1450 exulto

184 1479 365 1536 Tripudi
399 1480 589 1522 salutare
623 1477 825 1520 manibus

183 1552 441 1608 Tripudium
475 1551 658 1607 ylaritas
691 1550 903 1592 exultatio

184 1624 417 1680 Triquetra
449 1623 659 1666 lucretius
693 1623 887 1678 appellat
921 1637 1047 1678 quem

245 1696 448 1753 uirgilius
469 1695 597 1738 litore
618 1695 834 1751 trinagrio
850 1694 1049 1737 nominat

246 1769 292 1811 in
323 1769 410 1810 tria
441 1783 521 1823 pro
554 1767 779 1810 munturia

187 1841 385 1883 Triturat
419 1840 677 1883 comminuit

152 1923 166 1947 5
188 1913 385 1956 Triturat
419 1915 616 1955 conteret

187 1985 414 2027 Tribiliter
446 1984 691 2040 uulgariter

187 2057 338 2100 Trium
369 2056 618 2099 litterarum
651 2056 784 2098 homo
816 2056 950 2099 homo
981 2056 1051 2098 fur

247 2130 425 2185 plautus
440 2131 489 2171 tu
503 2129 637 2171 trium
655 2129 902 2171 litterarum
917 2128 1049 2171 homo

250 2201 407 2260 (γίνῃ.)

188 2275 358 2331 Tropea
408 2274 595 2317 uictoria
644 2274 848 2331 uirgilius
900 2276 944 2316 et
995 2290 1050 2316 ua

250 2349 376 2402 rapta
402 2361 534 2388 manu
554 2346 727 2390 diuerso
748 2347 876 2390 hoste
898 2349 1052 2402 tropea

188 2419 380 2461 Tuberes
413 2419 568 2461 tubera

189 2490 434 2533 Tusallaria
465 2491 662 2533 malefica
689 2506 738 2534 eo
774 2492 888 2547 quod
922 2507 1053 2548 supra

249 2563 421 2619 tegulas
457 2563 672 2607 sacrificet

1044 2605 1060 2617 fl

1849 136 1935 178 ‘251

1082 248 1326 305 Tugurium
1359 263 1459 291 oasa
1491 247 1694 304 pauperis

1080 321 1321 377 Tugurium
1354 320 1598 376 hospitium
1630 319 1849 362 modicum

1081 393 1324 449 Tugurium
1358 407 1503 435 oasam

1080 464 1323 520 Tugurium
1357 464 1512 507 cellula
1543 480 1679 520 parua
1712 465 1880 521 agendo

1081 535 1323 592 Tugurium
1356 536 1643 591 hospitiolum
1677 552 1775 579 oasa
1963 549 1996 574 εἴ»

1081 608 1351 650 Turabulum
1406 608 1483 650 ubi
1540 609 1642 651 thus
1696 608 1942 651 incenditur

1143 678 1301 737 (Vioy.)

1081 752 1271 794 Turbine
1306 751 1585 794 uolubilitate
1618 756 1849 795 uentorum

1081 825 1273 866 Turbine
1306 827 1539 866 uentorum
1571 825 1787 881 uertigine

1082 897 1273 939 Turbine
1307 899 1568 951 tempestate

1082 969 1301 1025 Turgores
1335 971 1530 1011 tumores
1964 981 1999 1005 30

1083 1041 1342 1084 Turibulum
1381 1042 1633 1083 turabulum
1675 1042 1787 1098 quod
1828 1041 1943 1097 greci

1144 1114 1398 1170 thymarion
1430 1113 1579 1156 dieunt

1084 1187 1275 1229 Turifioa
1307 1185 1504 1228 sacrifica

1084 1258 1348 1301 Tui-ificatus
1382 1258 1638 1314 purificatus

1087 1331 1249 1374 Turtur
1283 1330 1454 1373 anicula
1492 1331 1652 1373 blanda
1684 1331 1734 1373 de
1770 1345 1855 1386 qua
1888 1330 1947 1371 iu-

1147 1403 1314 1446 uenalis
1360 1406 1531 1446 turture
1572 1418 1731 1460 magno
1775 1403 1947 1459 generis

1147 1475 1379 1519 masculini

1088 1693 1285 1736 Vadatur
1311 1694 1588 1750 promittitur
1609 1693 1840 1749 pollicetur
1869 1694 1949 1735 fide
1970 1702 2003 1729 35

1148 1766 1254 1809 dicit

1088 1838 1232 1881 Vades
1255 1838 1458 1882 dicuntur
1478 1838 1551 1894 qui
1572 1838 1775 1897 legaliter
1796 1853 1949 1881 causas

1149 1914 1286 1968 agunt

1088 1983 1352 2026 Vadimonia
1380 1983 1540 2025 iudicia
1568 1986 1669 2025 sunt
1696 1982 1808 2025 unde
1837 1983 1949 2038 apud

1149 2055 1334 2099 iudicem
1368 2071 1445 2111 pro
1473 2057 1603 2098 fidem
1637 2056 1850 2098 iussorem
1878 2056 1952 2097 (lat

1088 2128 1284 2185 Vagiant
1316 2129 1531 2185 plangant

1090 2201 1279 2258 Vagitus
1312 2200 1548 2243 infantium
1582 2202 1710 2244 fletus

1089 2274 1278 2330 Vagitus
1310 2274 1431 2316 uocis
1464 2273 1648 2328 infantie
1682 2273 1811 2316 fletus

1089 2346 1277 2403 Vagitus
1312 2347 1477 2389 elamor
1509 2345 1744 2387 infantium

1090 2418 1305 2476 Vagurrit
1336 2434 1413 2474 per
1446 2418 1585 2460 otium
1618 2432 1780 2460 uacuus

1091 2491 1305 2548 Vagurrit
1337 2491 1486 2533 hactio
1514 2491 1682 2546 deperit
1714 2490 1784 2532 uel
1817 2492 1952 2546 uagut

1093 2563 1405 2606 Validissimus
1438 2563 1621 2605 nimium
1654 2562 1922 2604 fortissimus

1972 2284 2006 2308 40

287 2674 319 2705 3.
348 2669 521 2704 sallutias
551 2671 562 2715 ΙΙ
588 2673 619 2705 5.
648 2670 778 2705 Trines
802 2671 806 2716 Ι
829 2671 946 2705 boues
973 2683 1017 2706 ea:
1043 2670 1159 2706 bobes
1186 2682 1278 2706 corr.
1302 2672 1306 2715 Ι
1330 2682 1401 2714 que
1422 2671 1432 2714 ΙΙ
1463 2673 1517 2705 11.
1546 2668 1768 2715 ΤΓίΡιιιῖίωῃ
1791 2669 1795 2712 Ι
1818 2679 1952 2701 munus⁴

190 2742 234 2765 ex
260 2729 436 2764 munibus
464 2741 556 2765 corr.
583 2731 595 2775 ΙΙ
623 2734 676 2766 12.
705 2729 853 2765 ilai-itas
879 2731 891 2775 ΙΙ
918 2734 973 2765 13.
1001 2729 1150 2776 uir-gilis
1177 2743 1221 2766 m.
1239 2734 1271 2775 1,
1299 2729 1473 2775 uirgilius
1500 2742 1544 2765 m.
1562 2733 1582 2764 4
1606 2730 1610 2774 Ι
1633 2728 1748 2763 litora
1774 2740 1818 2763 ew
1844 2727 1954 2762 litore

190 2802 282 2826 corr.
313 2794 316 2833 Ι
349 2789 545 2824 triinaoria
571 2801 615 2825 ex
640 2789 798 2836 triagrio
825 2801 916 2826 corr.
948 2795 952 2834 Ι
987 2790 1159 2826 nominat
1185 2803 1229 2826 ex
1254 2790 1407 2825 nomina
1435 2802 1525 2826 corr.
1556 2792 1560 2834 Ι
1595 2789 1649 2835 in]
1678 2788 1717 2822 id
1743 2789 1800 2823 ost
1831 2789 1836 2833 Ι
1871 2799 1953 2833 pro-

191 2849 387 2885 muncoria
412 2862 456 2885 ex
481 2849 743 2895 promunturia
768 2862 860 2887 corr.
888 2852 899 2896 ΙΙ
929 2855 982 2887 14.
1012 2850 1221 2886 conminuit
1243 2851 1247 2898 Ι
1272 2851 1420 2896 august.
1447 2851 1523 2885 cod.
1544 2852 1556 2895 ΙΙ
1585 2853 1637 2884 15.
1666 2849 1813 2893 august.
1842 2848 1917 2883 cod.
1944 2847 1955 2892 ΙΙ

194 2914 248 2945 16.
276 2909 485 2955 uulgariter
510 2914 556 2944 ex·
580 2909 792 2956 uulguriter
812 2921 908 2947 corr.
935 2913 947 2957 ΙΙ
975 2915 1028 2947 18.
1057 2911 1204 2957 Tropea
1230 2923 1273 2946 m.
1291 2914 1323 2955 1,
1350 2910 1522 2955 Trophea
1547 2921 1592 2944 m.
1609 2913 1629 2944 5
1654 2908 1657 2955 Ι
1681 2919 1730 2942 ua
1755 2920 1800 2942 m.
1820 2911 1848 2951 1,
1881 2907 1954 2942 duo

191 2983 236 3006 m.
253 2974 275 3005 6
310 2969 314 3017 Ι
349 2969 458 3004 hoste
484 2982 528 3005 m.
545 2973 592 3021 6,Δ
614 2981 657 3004 ex
684 2970 790 3005 hoste
817 2983 862 3006 m.
879 2975 902 3006 6
937 2971 941 3018 Ι
975 2972 1108 3017 tropea
1134 2983 1178 3006 m.
1196 2975 1228 3016 1,
1261 2970 1420 3016 trophea
1446 2981 1490 3004 m.
1507 2972 1529 3004 5
1566 2970 1577 3013 ΙΙ
1615 2972 1671 3003 20.
1699 2967 1920 3012 Tugallaria
1944 2969 1946 2978 '

193 3035 248 3065 23
265 3041 353 3065 oasa
368 3041 412 3065 σου
426 3040 555 3065 casum
569 3041 659 3066 corr.
681 3032 691 3076 ΙΙ
711 3033 768 3066 24.
783 3031 945 3077 tegendo
963 3043 1007 3067 ex
1027 3031 1173 3078 agendo
1195 3042 1285 3066 corr.
1307 3033 1318 3076 ΙΙ
1338 3033 1394 3064 26.
1416 3027 1639 3064 Turibulum
1659 3039 1703 3063 ωε
1722 3027 1955 3062 Tui-abulum

192 3102 283 3126 corr.
304 3091 315 3135 ΙΙ
336 3093 390 3124 31.
418 3089 675 3134 thymaterion
694 3091 706 3136 ΙΙ
727 3095 781 3125 37.
809 3101 876 3136 per
894 3093 905 3135 ΙΙ
925 3094 969 3125 42
1009 3091 1132 3127 ocium
1152 3093 1162 3137 ΙΙ
1183 3094 1238 3127 43,
1267 3089 1366 3125 actio
1393 3101 1437 3125 esc
1463 3088 1590 3124 haotio
1617 3099 1708 3125 corr.
1730 3090 1741 3133 ΙΙ
1761 3091 1816 3125 44.
1846 3087 1952 3124 fortis

192 3161 237 3186 ex
262 3148 489 3185 fortissimus
515 3161 606 3185 corr.
633 3151 645 3195 ΙΙ
