2216 3402
774 109 1010 146 PLAClDVS
1037 110 1221 146 CODICIS
1248 109 1460 144 PARISINI

237 222 493 279 *Murgison
515 255 523 264 .
544 220 705 264 inrisor
735 221 857 263 lusor

236 294 528 337 *Mulcantem
579 308 779 336 erumnas
801 327 808 334 .
831 293 985 335 misere
1033 292 1094 334 ui-

294 369 471 409 uentem
493 400 499 407 .
522 380 700 408 erumna
732 365 908 406 miseria
941 366 1007 406 est

236 438 555 480 ssMul{·,iface1'et
577 471 584 479 .
606 436 908 493 magnificaret

235 509 454 564 *Multitie
475 544 482 551 .
505 509 663 564 quibus
696 507 868 563 prodiui
901 507 984 548 duo
1006 507 1093 548 'fin—

295 582 414 639 gitur

197 668 213 693 5
234 654 467 705 *Mulssslsffll
480 651 514 711 ¹)
542 652 681 695 adhuc
702 649 1003 693 consuetudini
1026 652 1092 691 est

293 726 404 768 unde
437 724 606 781 mugire
639 723 822 766 dicimus

232 796 514 840 *Munificare
535 829 544 839 .
566 795 818 838 muneribus
850 794 1063 837 honerare

232 1013 334 1056 Nais
362 1047 369 1055 .
397 1027 535 1070 genus
586 1026 685 1053 erue
707 1045 715 1052 .
736 1011 818 1064 usp}
840 1043 848 1052 .
870 1010 951 1052 tiui
997 1024 1092 1052 can·

292 1085 392 1127 dida
422 1084 519 1127 nais
552 1083 765 1139 pallentes
788 1116 796 1124 .
817 1082 955 1124 uiolas

231 1157 510 1200 Narcissum.
527 1170 663 1212 genus
685 1155 785 1197 erbe
808 1153 969 1196 odifere
990 1169 1090 1209 pur-

290 1243 422 1284 puree

230 1298 381 1357 Nais2)
405 1334 412 1342 .
432 1300 558 1342 nauis

178 1387 211 1412 ιο
231 1372 443 1415 Nausiam
464 1406 471 1414 .
492 1370 708 1414 uomitum

229 1445 433 1487 Naofilax
455 1479 461 1486 .
482 1443 787 1499 templicustus
811 1477 817 1484 .
839 1441 919 1498 ch

230 1517 349 1560 Naos
371 1551 378 1558 .
399 1515 613 1571 templum

230 1589 403 1632 Nar-dus
437 1603 561 1630 mea.
583 1601 719 1644 genus
751 1584 861 1627 fffii

186 1700 191 1707 .
231 1661 423 1704 Naiadas
445 1694 452 1701 .
475 1659 732 1703 comitatum
778 1673 871 1700 esse
916 1657 1086 1700 ueneris

261 1757 263 1759 ·
289 1737 338 1775 ut
369 1731 530 1789 pagani

176 1819 208 1844 15
228 1804 270 1847 N
273 1807 396 1847 antes
418 1839 425 1846 .
446 1806 650 1846 natantes
684 1805 759 1844 aut
790 1802 1050 1859 nauigantes

230 1877 418 1919 Naualia
449 1877 545 1919 loca
567 1910 574 1917 .
595 1875 670 1917 ubi
707 1889 841 1917 naues
875 1873 1087 1916 fabrican-

288 1952 360 1991 tur
380 1982 389 1991 .
410 1948 525 2004 quod
569 1951 614 1990 et
657 1947 899 1990 textrinum
944 1945 1087 2001 appel-

286 2022 404 2063 latur

227 2092 398 2136 ssNandi
419 2125 426 2134 .
447 2091 626 2134 natandi

227 2165 507 2208 Nanciscitur
525 2198 533 2206 .
554 2164 811 2220 adipiscitur

228 2237 424 2280 Nanctus
447 2271 454 2278 .
476 2237 659 2291 adeptus
690 2236 760 2277 uel
794 2235 997 2277 inuentus

176 2321 208 2346 20
227 2309 363 2352 Nauit
385 2344 392 2351 .
415 2311 588 2351 strenue
622 2308 714 2364 egit

228 2381 424 2424 Nardum
444 2413 454 2423 .
474 2395 611 2436 genus
644 2379 789 2422 odoris
823 2379 979 2421 obtimi

228 2453 452 2495 Nauantes
474 2486 481 2493 .
504 2467 681 2507 operam
716 2451 868 2494 dantes

227 2524 268 2567 N
272 2525 412 2568 auiter
431 2558 439 2566 .
461 2523 652 2566 studiose
675 2557 681 2564 .
702 2523 772 2564 uel
804 2522 980 2564 fortiter
990 2520 1024 2579 3)

228 2595 394 2638 Nauale
417 2630 424 2637 .
445 2595 632 2652 prelium

175 2679 207 2704 25
228 2666 378 2723 Nauus
400 2701 408 2709 .
430 2668 582 2709 efficax
604 2699 612 2708 .
636 2667 747 2708 unde
792 2667 895 2708 naui
940 2667 1084 2709 dicun-

286 2741 359 2780 tur
401 2739 506 2782 boni
532 2773 540 2781 .
566 2738 717 2794 ignaui
738 2772 746 2780 .
768 2739 893 2780 stulti
915 2774 922 2782 .
942 2740 1081 2781 nabus

289 2810 415 2851 auaui

228 2881 267 2923 N
273 2895 399 2923 auere
421 2915 429 2924 .
449 2883 623 2922 strenue
657 2879 849 2923 officium
880 2881 1021 2936 facere

1907 109 1987 151 119

1133 220 1175 262 N
1178 220 1325 262 ablum
1346 253 1354 261 .
1373 219 1632 275 psaiterium

1134 291 1275 334 Natos
1297 326 1304 333 .
1325 291 1439 333 filios

1132 362 1331 406 *Nautea
1357 397 1364 405 .
1392 378 1504 418 aqua
1555 362 1720 405 corium
1763 362 1900 405 fetida
1945 363 1989 404 in

1192 450 1276 490 qua
1309 435 1428 478 coria
1460 437 1734 477 macerantur

1131 506 1199 548 *Ν
1203 522 1273 548 am
1292 510 1404 549 terte
1424 507 1573 548 herem
1587 506 1883 562 .auruspicem.
1900 509 1987 548 tus-
2009 518 2043 543 30

1192 594 1287 620 cum

1130 649 1432 707 ssNaglsleam4)
1456 684 1462 691 .
1485 651 1662 711 tullium
1709 650 1891 705 pallium
1929 653 1989 692 te-

1189 737 1318 764 nuem

1129 793 1198 835 *N
1200 794 1316 835 arria
1334 827 1342 835 .
1364 794 1496 849 piscis

1130 864 1392 907 *Nasiterna
1412 899 1421 908 .
1441 857 1669 921 aquarium
1702 880 1779 907 uas

1129 936 1321 979 *Nauita
1335 969 1343 979 .
1357 936 1577 992 poeticum
1598 940 1665 980 est
1679 971 1686 979 .
1700 952 1801 980 nam
1821 941 1988 980 rectum

1190 1012 1256 1051 est
1288 1012 1423 1051 nauta
1444 1045 1451 1052 .
1472 1011 1584 1052 unde
1618 1024 1748 1052 causa
1783 1010 1912 1051 metri
1935 1044 1942 1051 .
1964 1025 1988 1052 a

1188 1080 1330 1136 poetis
1365 1083 1539 1125 additur
1569 1083 1719 1125 littera

1129 1152 1342 1195 ²÷=Nauiter
1369 1157 1436 1196 est
1458 1189 1465 1197 .
1486 1154 1594 1197 bene
1616 1157 1659 1196 et
1685 1153 1988 1210 industrille5)
2009 1166 2043 1193 35

1189 1228 1232 1268 et
1266 1228 1389 1268 caute
1431 1229 1481 1268 ut
1527 1226 1652 1268 nauis
1694 1226 1746 1267 fit
1767 1260 1775 1268 .
1796 1225 1866 1267 uel
1914 1240 1988 1281 gu-

1189 1298 1395 1340 bernator
1416 1330 1424 1338 .
1446 1300 1635 1340 tractum
1664 1313 1689 1339 a
1721 1297 1823 1339 naui
1845 1334 1851 1339 .
1874 1298 1985 1339 unde

1190 1368 1290 1411 naui
1318 1370 1520 1412 dicuntur
1546 1370 1649 1411 boni
1672 1403 1680 1412 .
1702 1368 1835 1425 gnaui
1862 1368 1988 1410 stulti

1128 1440 1301 1484 Nebulo
1330 1476 1337 1483 .
1364 1442 1480 1484 latro
1508 1475 1516 1483 .
1544 1442 1612 1483 uel
1671 1442 1855 1483 mendax
1883 1475 1890 1482 .
1916 1441 1986 1482 uel

1188 1528 1324 1555 uanus
1891 1509 1897 1515 ’

1127 1585 1169 1629 N
1173 1586 1288 1628 ebris
1310 1619 1318 1627 .
1342 1601 1516 1628 coreum
1550 1584 1709 1643 cerui⁶)

1126 1657 1219 1700 Nec
1250 1673 1338 1700 non
1359 1692 1367 1700 .
1388 1657 1520 1700 etiam
1542 1693 1549 1700 .
1572 1658 1655 1700 siui
1686 1658 1912 1714 parimodo

1127 1730 1278 1773 Nectit
1298 1765 1306 1772 .
1328 1730 1484 1787 alligat

1127 1801 1273 1845 Necne
1294 1837 1302 1845 .
1323 1816 1491 1845 necnon
1512 1836 1519 1843 .
1543 1802 1631 1844 albi
1664 1803 1791 1844 melle
2004 1819 2039 1843 Αιο

1126 1875 1290 1918 Nectar
1312 1909 1319 1916 .
1342 1874 1537 1917 suabitas
1570 1874 1750 1916 dulcedo

1126 1947 1414 1989 Necessitudo
1435 1980 1444 1988 .
1466 1946 1666 1988 adfinitas

1125 2019 1264 2061 Nenie
1292 2053 1300 2061 .
1324 2019 1622 2060 deleramenta
1649 2050 1657 2059 .
1686 2020 1752 2060 set
1809 2017 1982 2073 proprie

1184 2090 1308 2133 nenie
1342 2105 1531 2133 carmem
1562 2089 1741 2130 funebre

1126 2163 1389 2206 Nectareum
1412 2195 1420 2203 .
1442 2160 1706 2204 odoriferum

1125 2235 1401 2291 Necopinans
1424 2269 1431 2276 .
1453 2248 1530 2275 nec
1564 2247 1742 2288 sperans
2002 2249 2035 2274 ⁴15

1124 2306 1291 2362 Nequis
1314 2341 1321 2348 .
1341 2321 1420 2349 nec
1454 2305 1610 2361 aliquis

1124 2379 1215 2421 Nec
1247 2379 1480 2434 quicquam
1502 2411 1509 2419 .
1529 2392 1607 2420 nec
1639 2377 1856 2419 modicum

1122 2449 1220 2493 Nex
1241 2485 1247 2492 .
1270 2464 1387 2491 mors
1410 2485 1418 2492 .
1437 2465 1587 2493 necem
1609 2485 1615 2491 .
1638 2451 1824 2491 mortem

1123 2522 1270 2565 Necne
1293 2557 1300 2564 .
1323 2523 1437 2577 quod
1470 2522 1506 2563 si
1539 2536 1626 2563 non

1122 2593 1215 2637 Nec
1248 2594 1316 2636 cui
1337 2628 1344 2635 .
1365 2609 1444 2636 nec
1477 2593 1607 2635 alicui
2000 2608 2034 2632 50

1121 2666 1317 2709 Necdum
1338 2701 1344 2709 .
1365 2681 1452 2708 non
1485 2665 1624 2707 adhuc

1120 2738 1286 2794 Nequis
1309 2772 1316 2780 .
1336 2737 1623 2793 nequisquam

2005 1599 2068 1635 fol.
2091 1599 2131 1630 ’ἵν

1094 2839 1097 2842 -
1120 2810 1310 2853 Necesse
1356 2812 1423 2852 est
1443 2841 1452 2851 .
1473 2806 1778 2850 confirmandis
1831 2806 1978 2849 aduer-

1180 2881 1301 2923 uium
1333 2883 1401 2922 est

326 3053 361 3103 1)
388 3057 477 3092 rrim
501 3061 543 3094 ut
567 3059 639 3094 vid.
665 3070 808 3095 erasum
835 3060 847 3104 11
880 3059 914 3104 2)
940 3058 1044 3094 Naus
1065 3070 1137 3104 pro
1164 3056 1256 3092 Nais
1282 3068 1372 3093 corr.
1402 3057 1414 3102 11
1442 3056 1478 3102 3)
1502 3054 1517 3090 i
1543 3037 1587 3091 ebe
1612 3066 1632 3090 e
1657 3066 1747 3092 corr.
1779 3057 1792 3101 ΙΙ
1823 3057 1859 3101 4)
1886 3068 1912 3102 g
1935 3057 1978 3092 in

230 3128 300 3153 ras.
332 3118 344 3162 ss
376 3118 411 3162 5)
435 3129 461 3152 n
485 3121 527 3153 ut
551 3118 623 3154 vid.
651 3119 767 3156 deleta
796 3120 812 3164 η
841 3120 875 3163 ὓ)
903 3118 1022 3154 cei-ius
1050 3122 1134 3155 ante
1159 3128 1250 3154 corr.
1280 3118 1291 3162 ΙΙ
