2175 3428
237 122 320 164 1952

230 233 405 275 Ectasis
433 235 500 275 est
532 232 727 274 extensio
757 232 910 274 sillabe
934 235 1094 280 ,contra

287 308 493 347 naturam
532 304 656 346 uerbi
695 307 745 346 ut
784 303 955 346 italiam
999 304 1092 346 fato

288 377 487 433 profugis
547 391 645 419 cum
701 375 827 418 italia
889 380 1092 432 correpta

287 450 430 504 prima
474 449 626 491 littera
667 448 809 491 dicere
855 449 1089 491 debeamus

284 522 389 564 item
405 523 655 576 correptum
671 520 769 562 silla
789 520 933 562 forum
951 521 1090 562 stauit

283 593 500 636 cornelius
532 593 615 635 hoc
649 593 748 634 itali
781 593 936 634 urbem

222 665 411 707 Eculeus
446 679 583 721 genus
617 665 828 708 tormenti

221 738 410 780 Eculeus
426 740 672 780 tormentus
694 740 902 794 argentus
917 737 1086 792 penalis

222 809 415 852 Edentat
448 810 599 853 dentes
633 810 825 853 excludit

185 898 201 923 5
222 881 375 924 Editui
407 881 617 924 ianitores

169 1333 201 1356 10

220 954 421 996 Aedituis
455 954 659 996 custodes
693 955 811 996 aedis

222 1026 408 1068 Aedulia
440 1026 650 1068 alimenta

221 1098 380 1140 Edulia
419 1098 628 1141 alimenta
673 1099 778 1140 abta
817 1099 870 1140 ad
909 1098 1085 1140 mandu-

282 1171 468 1214 candum

221 1243 408 1285 Aedulio
442 1243 721 1285 manducatio

223 1315 458 1357 Aedulium
487 1315 867 1357 manducationem

221 1388 414 1430 Eduram
445 1387 572 1430 ualde
605 1388 758 1429 duram
792 1386 970 1428 eduram
1001 1400 1083 1440 que

281 1475 439 1516 pyrum
458 1463 508 1502 ut
528 1462 776 1502 emortuum
802 1473 881 1513 pro
908 1460 1083 1499 mortuo

221 1533 380 1575 Efoebi
414 1548 438 1574 a
469 1532 598 1574 foebo
633 1531 740 1573 dicti
778 1530 962 1572 necdum
999 1528 1083 1571 uiri

282 1603 589 1647 aduliscentuli
621 1604 731 1646 lenis
764 1603 946 1645 lucanus
979 1602 1085 1644 mix-

280 1677 338 1719 tis
372 1676 563 1719 armabit
596 1676 762 1718 efoebis

219 1749 504 1791 Effemerides
536 1747 640 1790 libri
673 1747 719 1789 in
751 1748 909 1802 quibus
943 1745 1083 1803 quoti-

281 1821 400 1863 diani
433 1823 556 1864 actus
591 1820 724 1862 scribi
757 1820 958 1862 solebant

222 1893 492 1936 Efemerides
545 1891 904 1935 commemoratio
959 1895 1082 1934 actus

281 1965 492 2009 cotidiani

186 2054 201 2080 5
221 2036 440 2080 Effidatus
475 2037 736 2093 perterritus

222 2109 402 2167 Effugia
434 2109 644 2165 effugium
672 2112 739 2151 est
766 2108 948 2150 affectus
981 2106 1084 2163 fuge

283 2180 425 2223 efoebi
463 2181 647 2223 necdum
685 2181 770 2222 uiri
809 2179 853 2221 id
885 2182 952 2221 est
985 2178 1086 2221 adu-

281 2252 504 2295 liscentuli
540 2253 721 2295 lucanus
755 2252 905 2293 mixtis
947 2266 1085 2292 arma-

282 2325 350 2367 bit
382 2325 546 2367 efoebis

224 2396 447 2452 Effugium
480 2397 556 2451 qui
586 2398 636 2439 de
669 2397 786 2439 bello
813 2396 867 2438 ad
899 2396 1083 2438 alteram

282 2471 453 2524 partem
485 2468 728 2524 transfugit

695 120 952 156 EXCERPTA
978 120 1043 156 EX
1069 121 1214 159 LIBRO
1242 122 1534 159 GLOSSARVM

1131 233 1356 290 Effugium
1371 233 1477 290 fuga
1491 234 1711 291 fugacitas
1727 238 1770 278 et
1785 236 1994 293 effugium

1189 305 1304 360 perit
1336 305 1502 348 habent

1127 377 1361 419 Effuncare
1394 379 1606 423 radicitus
1641 394 1789 422 eruere

1128 449 1323 505 Egerare
1357 465 1559 505 spernere
1592 452 1810 493 detestare

1122 521 1320 578 ,Egerare
1354 522 1604 578 dispernere
1637 523 1854 565 detestare

1127 594 1429 650 Aegestuosus
1463 595 1649 638 miserus
1681 610 1858 651 pressus

1125 665 1302 722 Egloga
1358 667 1483 721 quasi
1538 667 1800 710 inerlocutio
1850 667 1992 723 dragi—

1186 739 1348 781 matico
1383 742 1605 782 caractere
1636 739 1859 782 inducitur

1123 809 1432 866 Egrotacicius
1460 812 1534 866 qui
1563 811 1812 867 frequenter
1843 811 1889 852 in
1920 811 1990 852 fir-

1184 886 1276 924 mat

1123 953 1291 996 Eiclios
1330 954 1654 997 bizantinorum
1689 954 1843 1010 lingua
1874 968 1988 995 mar-
2009 970 2042 995 25

1184 1024 1271 1067 tius
1305 1026 1470 1068 mensis
1503 1026 1664 1068 dicitur

1123 1097 1328 1140 Elactare
1362 1114 1387 1140 a
1418 1098 1532 1140 lactc
1564 1098 1722 1140 tollere

1123 1169 1300 1212 Electat
1332 1173 1454 1213 rutat

1123 1241 1269 1284 Elices
1298 1242 1436 1285 dulcis
1468 1243 1515 1284 in
1544 1243 1740 1285 maribus
1772 1257 1850 1297 per
1877 1256 1987 1297 quos

1185 1329 1295 1370 aque
1328 1314 1539 1357 liciuntur

1122 1386 1284 1442 Eliqua
1317 1387 1553 1429 manifesta
1583 1387 1654 1429 uel
1688 1388 1840 1442 aperta

1122 1457 1311 1500 Elisium
1345 1459 1441 1501 elisi
1475 1462 1577 1501 sunt
1610 1459 1754 1514 campi
1786 1461 1893 1514 aput
1924 1458 1984 1500 in·
2007 1475 2040 1500 30

1182 1529 1299 1572 feros
1330 1530 1377 1572 in
1410 1530 1568 1586 quibus
1601 1533 1760 1573 uentus
1799 1545 1987 1574 comma-

1182 1617 1283 1645 nere
1311 1603 1373 1644 ait
1398 1605 1530 1658 poeta
1555 1603 1759 1658 uirgilius
1784 1603 1986 1659 quamuis

1183 1675 1313 1716 elisos
1347 1674 1530 1717 miretur
1564 1675 1710 1731 grecia
1741 1689 1921 1730 campos

1120 1746 1292 1803 Elogiis
1326 1747 1594 1789 carminibus
1626 1747 1698 1789 uel
1729 1745 1986 1789 criminibus

1182 1819 1310 1861 malis

1122 1891 1330 1948 Elogium
1363 1891 1586 1947 eloquium
1617 1891 1735 1934 fama

1122 1963 1331 2019 Elogium
1359 1963 1609 2020 ignominia

1122 2035 1332 2091 Elogium
1353 2038 1498 2077 textus
1520 2039 1748 2091 gestorum
1771 2035 1983 2079 malorum

1180 2110 1387 2148 notarum
1419 2107 1536 2161 quod
1568 2106 1719 2149 dicunt

1121 2177 1330 2234 Elogium
1363 2193 1621 2234 responsum
1654 2178 1850 2222 diuinum
2005 2197 2040 2222 35

1120 2250 1330 2307 Elogium
1388 2251 1717 2294 ordicriminum
1773 2252 1845 2294 uel
1896 2252 1985 2295 elo-

1181 2323 1333 2378 quium

1121 2395 1373 2437 Eluctabile
1394 2395 1681 2452 extinguibile
1707 2396 1751 2438 id
1773 2398 1841 2438 est
1867 2397 1983 2451 quod

1181 2467 1298 2509 uinci
1330 2467 1474 2523 possit

344 2640 375 2672 1.
401 2634 571 2682 profugis
597 2647 642 2670 m.
658 2638 690 2679 1,
718 2634 898 2679 profugus
926 2636 1007 2668 m.4
1041 2635 1046 2678 Ι
1083 2634 1294 2678 correptam
1321 2632 1408 2668 silla
1439 2635 1444 2678 Ι
1480 2633 1616 2668 statuit
1650 2633 1655 2681 Ι
1689 2633 1760 2668 hoc
1785 2646 1830 2670 m.
1848 2637 1880 2680 1,
1913 2634 1984 2670 hoc

223 2698 280 2732 cst
305 2709 350 2733 m.
367 2701 388 2732 4
407 2698 419 2742 ΙΙ
439 2700 470 2731 2.
498 2697 593 2731 hanc
618 2696 665 2741 ql.
693 2706 759 2730 om.
781 2696 792 2740 ΙΙ
813 2697 843 2729 6.
871 2692 1002 2728 Editui
1028 2704 1072 2728 ea:
1098 2692 1247 2728 Edituis
1272 2705 1364 2729 corr.
1386 2695 1398 2738 ΙΙ
1423 2696 1457 2729 8.
1485 2695 1575 2739 apta
1594 2695 1606 2738 ΙΙ
1626 2696 1657 2728 9.
1684 2694 1780 2729 hanc
1804 2695 1852 2740 ql.
1879 2705 1946 2730 om.
1973 2695 1986 2742 ΙΙ

225 2774 279 2805 11.
306 2768 386 2815 piro
411 2769 414 2816 Ι
439 2769 506 2803 aut
527 2769 532 2815 Ι
554 2768 743 2802 mortuum
774 2769 785 2812 ΙΙ
819 2769 873 2801 12.
900 2764 1046 2799 Effoebi
1080 2766 1084 2808 Ι
1107 2763 1209 2799 lenes
1229 2768 1240 2810 ΙΙ
1276 2768 1329 2800 15.
1356 2764 1440 2800 isid.
1469 2766 1544 2801 cod.
1577 2767 1589 2810 ΙΙ
1623 2769 1676 2800 16.
1704 2749 1810 2812 fuge.
1835 2768 1840 2812 Ι
1863 2777 1984 2802 arma-

222 2828 291 2863 bat
317 2841 362 2864 eoe
388 2828 518 2863 armab
544 2839 635 2863 corr.
666 2827 670 2873 Ι
703 2825 846 2861 efoebis
873 2837 916 2860 ex
943 2823 1084 2860 efoebit
1109 2835 1200 2860 corr.
1233 2826 1245 2870 ΙΙ
1278 2829 1332 2860 18.
1359 2825 1519 2871 habent]
1553 2825 1601 2860 ab
1635 2825 1688 2860 eis
1725 2829 1737 2871 ΙΙ
1770 2830 1825 2862 19.
1857 2825 1984 2861 Effun-

224 2889 314 2923 dare
347 2900 391 2924 ew
422 2888 621 2923 Effuncare
653 2898 746 2922 corr.
791 2888 802 2931 ΙΙ
846 2889 901 2920 23.
936 2883 1170 2930 dragmatico
1213 2884 1216 2930 Ι
1257 2883 1449 2919 inducitur
1486 2897 1531 2920 em
1565 2885 1706 2920 dicitur
1739 2896 1831 2921 corr.
1857 2889 1942 2921 m.1
1971 2882 1986 2929 ΙΙ

225 2951 280 2983 24.
313 2947 534 2993 Egrotatius
573 2949 578 2991 Ι
620 2946 831 2980 infirmatur
863 2957 907 2980 ex
938 2944 1105 2979 infirmat
1135 2955 1226 2979 corr.
1271 2945 1283 2989 ΙΙ
1326 2947 1383 2980 27.
1415 2945 1520 2979 rutat
1553 2956 1599 2980 m.
1620 2949 1659 2990 1,
1697 2945 1824 2980 ructat
1856 2947 1941 2980 m.4
1973 2945 1986 2992 ΙΙ

226 3011 281 3042 28.
309 3007 409 3042 dulci
447 3010 458 3053 ΙΙ
495 3010 551 3042 30.
579 3002 729 3041 Elis'um
751 3007 756 3051 Ι
781 3005 881 3051 apud
910 3005 914 3052 Ι
945 3003 1069 3039 uentis
1099 3005 1103 3047 Ι
1136 3014 1220 3037 cum
1245 3015 1397 3039 manere
1426 3006 1431 3050 Ι
1462 3004 1591 3051 poeta]
1618 3004 1727 3049 fatal
1758 3004 1842 3039 isid.
1870 3005 1946 3040 cod.
1972 3005 1985 3051 ΙΙ

226 3071 282 3101 32.
309 3066 392 3102 isid.
419 3068 496 3103 cod.
523 3068 535 3112 ΙΙ
560 3072 616 3102 33.
643 3065 728 3101 isid.
756 3067 831 3102 cod.
859 3067 870 3110 ΙΙ
895 3068 952 3101 34.
979 3063 1064 3099 isid.
1091 3064 1167 3099 cod.
1193 3065 1205 3108 ΙΙ
1237 3067 1293 3099 35,
1320 3063 1405 3100 isid.
1432 3065 1509 3100 cod.
1536 3068 1547 3109 ΙΙ
1573 3067 1628 3100 36.
1657 3063 1947 3100 ordocriminum
1976 3064 1982 3113 Ι

226 3126 309 3163 isid.
338 3128 413 3163 cod.
434 3129 446 3172 ΙΙ
466 3130 521 3163 37.
549 3125 814 3173 extinguibile]
843 3123 1096 3172 expugnabile
1119 3124 1124 3170 Ι
1146 3124 1273 3170 potest
1292 3125 1303 3170 ΙΙ
