2216 3402
226 116 285 160 70,
736 114 794 148 PL
800 113 969 148 ACIDVS
996 112 1125 147 LIBRI
1153 111 1442 148 G-LOSSAIWM

223 225 381 267 Fomes
421 223 757 278 fem'manipulos
799 222 937 264 iuncti
969 221 1082 263 radi-
1180 221 1355 264 dictima
1380 220 1592 262 fratribus
1621 220 1694 276 qui
1721 223 1824 263 sunt
1851 221 1994 268 stilli-,

284 297 405 339 cibus
438 299 486 337 ut
518 310 648 337 noces
681 294 884 350 pinnatos
1181 293 1291 336 cidia
1323 290 1630 348 ste1·quillin13)

223 368 349 410 Fomi
394 366 564 424 generis
610 365 835 408 masculini
875 380 925 407 eo
969 366 1081 420 quod
1120 365 1305 407 Framea
1336 367 1429 406 aste
1461 363 1717 420 longissime
1750 367 1852 406 sunt
1885 365 1976 420 qui-

222 441 225 443 ’
283 440 432 481 foueat
465 438 610 493 ignem
643 438 753 479 unde
788 440 831 479 et
863 437 1033 480 focibus
1178 436 1259 478 bus
1317 436 1450 477 etiam
1505 451 1620 478 nunc
1676 435 1878 478 armorici
1929 438 1978 478 ut

226 511 339 553 Fora
394 508 621 565 pluraliter
677 508 905 551 dicendum
969 509 1082 552 sicut
1178 508 1327 550 dentes
1370 507 1454 549 hoc
1498 502 1656 550 nomen
1695 507 1851 549 tribuit
1889 507 1979 562 qui-

284 585 474 624 teatrum
1085 619 1086 623 ,
1182 580 1282 621 dam
1302 579 1365 620 ita
1385 580 1519 621 etiam
1546 578 1715 635 gladios
1743 577 1980 635 significari

226 654 393 708 Forago
439 656 544 693 nota
588 652 633 692 in
672 654 820 694 extum
862 667 909 693 ra
953 652 1083 709 signi·
1182 654 1338 707 putant
1371 651 1437 707 (dc
1463 649 1538 708 (ql.)

284 725 418 766 ficans
452 723 759 778 cuiuscumque
794 724 877 765 diei
910 739 1017 779 opus
1044 728 1083 774 R
1121 723 1324 765 Fratellis
1339 721 1980 780 sordiumglomuscolisffleyl.)

286 795 352 852 (cle
376 793 450 851 φῖ.)
1123 795 1379 838 Fratrarent
1424 797 1652 850 turgerent
1695 795 1983 850 pubescerent

193 882 208 906 5
229 867 366 909 Foras
400 865 588 921 coicas1)
622 867 858 909 exteriores
892 866 958 924 (de
986 865 1062 924 ql.)
1185 865 1252 923 (de
1277 867 1350 920 ql.)

187 1744 220 1768 10

193 2172 226 2197 15

230 937 436 993 For-cipes
469 951 556 979 non
588 938 759 980 forfices
794 939 976 981 dicimus
1004 954 1086 994 que
1125 939 1300 980 Fratria
1331 938 1480 980 fratris
1513 954 1622 980 uxor
1655 937 1720 995 (de
1748 936 1822 995 ql.)

291 1013 393 1052 sunt
425 1010 648 1051 fabrorum
683 1010 749 1066 (cle
775 1012 848 1064 ql.)
1126 1010 1345 1053 Frestram
1380 1010 1617 1052 fenestram
1651 1010 1717 1065 (de
1744 1009 1819 1064 ql.)
2005 1018 2038 1044 2⁰

231 1082 370 1124 Forco
411 1096 496 1136 qua
533 1096 646 1123 nunc
686 1081 905 1123 falliscum
945 1080 1087 1138 cum‘2)
1130 1083 1262 1124 Freta
1289 1085 1406 1124 meta
1433 1084 1631 1124 crumata
1656 1082 1727 1124 uel
1759 1080 1986 1123 modolosa

292 1153 561 1209 appellamus
615 1167 728 1195 nunc
786 1153 924 1195 culter
980 1153 1088 1195 alias
1191 1154 1256 1210 (de
1280 1152 1354 1211 yl.)

293 1224 454 1267 securis
477 1239 605 1279 quam
630 1225 858 1280 pontifices
883 1225 928 1267 in
954 1226 1088 1268 sacris
1129 1226 1327 1268 Friatum
1359 1226 1625 1280 perfractum
1657 1224 1723 1282 (de
1750 1225 1823 1279 ql.)

292 1298 475 1338 utuntur
508 1294 650 1352 (Ise'cl.)
1130 1298 1323 1340 Frondes
1357 1298 1407 1339 de
1434 1297 1588 1339 arbore
1622 1312 1696 1352 per
1722 1297 1766 1339 id
1791 1297 1893 1352 quia
1923 1296 1987 1338 fa-

235 1368 378 1410 Forda
397 1367 526 1422 plena
543 1367 660 1409 dicta
679 1383 704 1409 a
723 1372 962 1424 pregnante
978 1369 1092 1424 quod
1190 1369 1250 1412 cit
1276 1369 1426 1411 fronds
1459 1369 1600 1410 fronts
1633 1369 1682 1410 de
1714 1366 1880 1425 homi4)
1915 1367 1988 1423 qui

295 1439 470 1494 proprie
501 1439 719 1495 significat
753 1438 818 1495 (de
845 1440 918 1495 ql.)
1190 1440 1297 1483 facit
1334 1440 1476 1483 fronts
1514 1440 1673 1483 frontis
1714 1441 1775 1483 sic
1814 1442 1858 1482 et
1896 1442 1989 1482 sort

237 1511 369 1552 Foret
408 1513 452 1551 et
495 1510 694 1565 preteriti
734 1514 776 1553 et
820 1512 1011 1567 presenti
1051 1515 1094 1554 et
1192 1512 1323 1555 sortis
1355 1515 1564 1554 ueruatur
1589 1511 1882 1554 iniscribendo
1915 1511 1988 1554 sed

296 1582 431 1624 futuri
471 1585 537 1623 est
581 1583 789 1638 temporis
833 1583 934 1638 quia
978 1587 1093 1626 esset
1192 1584 1389 1639 superius
1450 1587 1681 1639 utrumque
1735 1583 1990 1639 producitur

300 1653 519 1710 significat
552 1656 618 1695 est
651 1655 905 1697 aduerbium
1195 1658 1313 1697 sorta
1346 1670 1418 1697 ero
1453 1654 1612 1713 (Viry.)

240 1726 493 1768 Formastro
529 1740 655 1780 opere
689 1726 872 1781 pistorio
907 1726 924 1775 (
936 1726 1066 1784 ΠΨ.)
1133 1726 1322 1782 Frugem
1371 1726 1515 1769 fecisti
1559 1743 1637 1782 pro
1689 1728 1797 1769 bene
1847 1726 1991 1769 fecisti

241 1797 460 1839 For-mitat
480 1796 669 1838 fortibus
698 1799 918 1841 exassulat
942 1797 1065 1856 (Cic.)
1194 1800 1305 1841 unde
1333 1799 1508 1855 quidam
1535 1799 1653 1855 frugi
1679 1799 1744 1841 fat
1773 1799 1991 1849 interdum

243 1869 450 1911 Formum
484 1867 672 1910 calidum
705 1869 877 1912 feruens
911 1869 1056 1928 (Is‘e‘cl.)
1196 1868 1261 1927 (dc
1284 1872 1360 1926 ql.)

242 1940 470 1982 Fornicem
505 1938 711 1982 moetiam
746 1940 810 1995 ((Ζ6
836 1940 911 1998 yl.)
1135 1942 1329 1998 Fugator
1360 1942 1563 1998 expulsor
1593 1942 1789 1985 artificiis
1823 1941 1992 1984 subtili·
2011 1948 2046 1974 2⁵

242 2012 454 2053 Fortensa
488 2013 661 2053 ostenta
701 2013 812 2054 unde
846 2016 889 2055 et
927 2017 1098 2069 porten-
1196 2018 1264 2056 tas
1298 2013 1454 2070 (Viry.)

303 2083 400 2124 dere
436 2080 502 2138 (de
530 2080 605 2138 φῖ.)
1139 2085 1340 2142 Fugitiue
1374 2101 1483 2141 aque
1517 2100 1598 2140 que
1640 2086 1782 2127 fluunt
1814 2100 1865 2127 ex
1897 2084 1992 2126 riuo

247 2154 491 2196 Fracedunt
533 2155 770 2196 sordebunt
809 2155 1101 2211 displicebunt
1198 2156 1373 2212 publico
1418 2171 1555 2212 neque
1604 2157 1994 2212 depreenderentur

344 2321 380 2364 1)
413 2318 471 2353 coi
496 2320 538 2354 in
562 2318 593 2353 ti
619 2330 709 2354 corr.
737 2331 782 2355 m.
799 2326 822 2355 ..¹3
855 2321 866 2365 ΙΙ
904 2321 938 2365 2)
971 2321 1037 2357 del.
1065 2325 1147 2357 m.2
1178 2323 1190 2366 ΙΙ
1227 2324 1263 2366 3)
1292 2333 1362 2367 pro
1388 2323 1502 2366 fontis
1527 2323 1666 2358 indicio
1692 2326 1780 2358 nota
1805 2322 1996 2357 tironiana

248 2384 298 2415 est
329 2382 340 2423 ΙΙ
372 2380 409 2423 4)
436 2380 600 2424 sequitur
626 2379 761 2414 lacuna
787 2383 883 2415 3—0’
908 2381 976 2416 litt.
1010 2382 1022 2425 ΙΙ

347 2525 377 2556 1.
405 2520 694 2566 fenimanipulos
720 2534 765 2557 m.
784 2527 814 2568 1,
841 2523 1134 2569 fenimanipulus
1160 2537 1205 2560 m.
1221 2530 1244 2560 (ί
1273 2526 1277 2568 Ι
1306 2524 1426 2560 iuncti
1450 2536 1494 2559 m.
1511 2529 1543 2569 1,
1579 2524 1716 2559 iunctis
1743 2537 1787 2560 m.
1803 2529 1826 2560 6
1855 2525 1860 2570 Ι
1891 2523 1997 2570 pina-

250 2584 309 2617 tos
334 2583 346 2627 ΙΙ
371 2585 403 2616 2.
430 2580 559 2615 fobeat
584 2594 628 2616 m.
648 2586 679 2625 J,
706 2582 834 2618 foueat
860 2596 904 2619 m.
921 2590 942 2618 (i
963 2586 974 2629 ΙΙ
1000 2588 1031 2619 3.
1058 2584 1168 2630 plura
1193 2584 1291 2619 inter
1315 2590 1326 2629 ΙΙ
1352 2590 1383 2620 4.
1411 2583 1450 2618 in
1475 2585 1626 2619 textura
1648 2590 1651 2626 Ι
1676 2586 1707 2626 B<
1734 2595 1799 2619 om.
1826 2586 1838 2630 ΙΙ
1870 2587 1901 2618 5.
1929 2583 1996 2618 Fo-

252 2640 411 2676 rasticus
437 2639 637 2674 exteriores
663 2643 674 2685 ΙΙ
702 2644 731 2676 7.
760 2654 842 2676 cum
870 2655 934 2678 om.
959 2645 963 2688 Ι
987 2643 1033 2678 de
1059 2644 1108 2689 gl.
1136 2646 1211 2680 cod.
1232 2646 1243 2688 ΙΙ
1270 2648 1324 2679 10.
1352 2643 1593 2679 Formascoro
1613 2644 1624 2688 ΙΙ
1655 2646 1709 2678 12.
1737 2643 1782 2678 de
1808 2642 1858 2689 gl.
1885 2644 1960 2679 cod.
1988 2643 1999 2686 ΙΙ

255 2705 309 2736 13.
337 2699 520 2735 moeciam
557 2701 567 2743 ΙΙ
608 2703 661 2735 15.
689 2700 901 2736 Fracebunt
930 2705 933 2747 Ι
964 2702 1105 2738 dictum
1133 2715 1154 2738 a
1180 2703 1358 2738 fratribus
1390 2708 1392 2742 Ι
1429 2713 1524 2747 quae
1553 2701 1804 2747 1,sterquilini
1835 2703 1841 2747 Ι
1876 2702 1920 2737 de
1947 2701 1997 2747 gl.

255 2762 331 2796 cod.
357 2762 368 2805 ΙΙ
395 2763 448 2794 16.
478 2760 558 2793 aste
584 2771 627 2794 m.
647 2763 676 2803 1,
704 2759 812 2795 haste
838 2775 882 2797 m.
899 2766 919 2797 5
950 2766 953 2804 Ι
982 2762 1154 2797 tribuunt
1176 2764 1180 2808 Ι
1202 2763 1298 2808 plac.
1325 2764 1401 2798 eod.
1421 2764 1433 2807 ΙΙ
1459 2765 1513 2797 17.
1541 2761 1783 2807 glomusculis
1803 2764 1814 2805 ΙΙ
1839 2765 1895 2797 21.
1922 2773 1998 2797 mo-

257 2819 387 2854 dolosa
412 2831 456 2854 m.
473 2822 506 2863 1,
539 2818 737 2854 modulosa
762 2832 805 2855 m.
823 2826 845 2855 b*
883 2823 894 2867 ΙΙ
932 2826 987 2858 23.
1020 2831 1087 2868 per
1113 2823 1136 2856 d
1171 2826 1175 2866 Ι
1216 2822 1359 2857 frondis
1393 2825 1398 2866 Ι
1438 2822 1557 2856 fronte
1581 2834 1626 2856 m.
1643 2825 1676 2866 1,
1709 2821 1850 2856 frontes
1881 2824 1963 2856 m.4
1992 2820 1996 2868 Ι

257 2914 357 2950 homi
384 2926 429 2949 m.
447 2918 477 2958 1,
503 2912 653 2948 homine
679 2927 722 2950 m.
739 2919 760 2950 4
790 2918 794 2960 Ι
822 2927 888 2962 per
913 2919 970 2964 (m.
988 2920 1021 2963 1)
1047 2919 1064 2952 t
1088 2918 1145 2963 (m.
1162 2921 1182 2952 4
1209 2930 1235 2953 s,
1262 2919 1344 2964 scr.)
1370 2918 1408 2953 et
1433 2928 1450 2952 s
1476 2915 1541 2961 qdi
1566 2916 1660 2952 facit
1688 2918 1692 2962 Ι
1718 2890 1838 2961 ἰτοῃξε
1861 2917 2002 2961 (priore

261 2977 349 3018 Ioco)-
379 2977 383 3016 Ι
413 2985 490 3008 sors
517 2985 561 3008 ea:
588 2976 664 3008 sort
689 2986 780 3011 corr.
809 2979 814 3021 Ι
844 2978 1014 3012 seruatur
1039 2990 1083 3013 em
1109 2978 1287 3012 uei-natur
1312 2989 1401 3014 corr.
1431 2979 1436 3021 Ι
1458 2975 1686 3012 inscribendi
1709 2977 1713 3020 Ι
1738 2977 1795 3010 set
1823 2978 1828 3019 Ι
1863 2975 1966 3010 sortu
1995 2976 1997 3018 ξ

260 3040 355 3084 plac
383 3040 457 3073 cccl.
479 3040 489 3080 ΙΙ
515 3036 570 3067 24.
598 3033 691 3077 plac.
721 3037 796 3071 cod.
818 3039 828 3081 ΙΙ
855 3042 909 3072 25.
939 3038 1113 3083 expulsus
1140 3050 1184 3073 ex
1210 3036 1384 3083 expulsos
1410 3048 1500 3072 cor—r.
1525 3039 1528 3081 Ι
1558 3034 1707 3071 artificii
1731 3024 1862 3080 l'plac.
1889 3034 1965 3070 cod.
1990 3034 2001 3080 ΙΙ

263 3103 316 3134 26.
345 3098 510 3143 plublice
538 3102 545 3146 Ι
573 3097 938 3143 deprehenderentur
969 3101 973 3142 Ι
