2221 3490
712 164 966 201 EXCERPTA
991 165 1056 199 EX
1083 164 1273 200 GLOSSIS
1301 165 1331 199 A
1351 165 1383 199 A

181 275 414 330 Inpetibile
446 275 679 330 inprouum
712 290 862 316 senum

181 346 479 401 Inplicisserat
511 347 742 401 inplicaret

180 417 432 472 Inpluuium
467 420 631 459 tectum

182 488 408 544 Inploratu
439 489 655 543 inspiratu

147 571 162 596 5
181 559 372 615 Inpaena
404 561 495 602 sine
527 574 639 614 pena
671 559 762 600 sine
795 558 988 600 uindicta

180 630 456 686 Inpopularis
489 631 699 672 inusitata

180 701 483 757 Inpopulabile
515 702 701 743 inlesum

179 772 460 828 Inprocinctu
491 775 772 828 exaparatum

179 843 412 898 lnporticis
445 844 617 886 inatriis

128 926 160 951 10
181 914 369 970 Inpubes
395 915 578 958 inuestis
604 931 711 971 puer
742 916 858 957 intra
884 916 1032 957 barbis

180 986 388 1042 Inquilini
422 988 563 1029 coloni
596 987 838 1029 condicioni

179 1057 412 1114 Inrogatus
445 1059 630 1101 intultus
664 1075 738 1101 seu
771 1059 950 1101 inferior

180 1129 232 1171 In
264 1130 468 1172 salicibus
503 1145 631 1185 super
662 1131 803 1173 ulmos

181 1200 329 1242 Insata
360 1201 621 1244 inseminata

130 1283 162 1308 15
181 1271 408 1328 Insceptra
456 1273 650 1328 reposita
699 1274 743 1314 in
790 1289 924 1330 regno
969 1290 1034 1316 re—

237 1343 383 1398 posita

179 1414 387 1470 Insigniri
420 1415 665 1472 insigniferi

177 1485 518 1542 Insignificabile
540 1488 653 1542 quod
675 1489 920 1544 significare
947 1504 1034 1531 non

237 1561 386 1613 potest

178 1628 400 1684 Inspicare
425 1630 648 1673 diffindere
675 1632 721 1673 in
747 1632 923 1673 modum
950 1632 1033 1687 spi-

239 1716 387 1743 carum
420 1702 642 1744 concidere

179 1771 389 1814 Instriata
420 1773 637 1816 instructa
669 1774 944 1817 delectabilia

127 1855 161 1880 20
179 1843 474 1886 Insudandum
507 1846 662 1888 sudore
697 1847 961 1901 querendum

179 1915 444 1958 Insuadibile
474 1917 726 1960 incredibile

178 1986 448 2043 Intempesta
498 1993 663 2031 certum
713 1992 885 2045 tempus
933 1992 1032 2031 ante

239 2059 379 2114 gallos
411 2060 525 2102 idest
556 2061 698 2103 media
728 2077 815 2104 nox

180 2130 448 2186 Intempesta
480 2133 655 2175 silentia
685 2133 820 2175 tacita
853 2136 1018 2174 secreta

179 2201 474 2258 Intemperata
504 2219 591 2247 nox
623 2205 765 2246 media

126 2285 159 2309 25
180 2272 464 2329 Intemperies
497 2277 573 2318 ubi
606 2276 816 2318 securitas
852 2291 940 2318 non
969 2279 1035 2318 est

180 2344 476 2400 Interpolante
508 2346 792 2389 intercedenti

179 2415 405 2472 Interpula
436 2419 670 2474 reprobata

180 2487 505 2531 Internuntium
536 2490 651 2532 inter
681 2491 775 2533 uita
807 2494 851 2533 et
883 2494 1022 2533 morte

181 2559 482 2602 Internuntius
511 2561 585 2616 qui
610 2576 708 2603 cum
739 2563 892 2604 nuntio
922 2563 1035 2604 redit

127 2643 162 2667 30
184 2631 523 2674 Internicionem
556 2636 741 2675 mortem
773 2634 999 2676 interitum

183 2702 501 2759 Integumentis
534 2704 862 2760 inoperimentis

183 2774 422 2817 Interfatur
453 2776 763 2833 interloquitur

181 2845 378 2889 Interula
407 2848 556 2890 tunica
588 2848 771 2890 interior

181 2917 366 2960 Interibi
397 2934 476 2974 pro
509 2920 677 2961 interea

1837 164 1918 205 461

1073 274 1400 316 Intertrimento
1434 275 1590 316 damno

1073 345 1308 387 Interfatos
1342 345 1628 387 interlocutus

1073 416 1285 458 Interfata
1320 417 1579 458 interlocuta

1072 487 1315 543 Interreges
1349 491 1558 542 tyrannus

1073 557 1240 613 Intiger
1273 559 1482 614 sanguine
1514 559 1666 613 plenus
1699 560 1923 602 iuuentute

1072 628 1212 671 Intrio
1244 629 1423 671 infundo
1456 631 1526 671 uel
1560 633 1651 672 tute
1944 643 1979 666 -10

1072 699 1318 742 Interfabor
1350 701 1576 755 interquor

1072 770 1311 813 Interfatus
1344 772 1630 814 interlocutus

1071 841 1309 884 Intermina
1358 843 1663 898 insuperabilis
1716 849 1791 886 aut
1843 849 1924 888 ter-

1131 914 1248 956 mino
1282 930 1431 956 carens

1072 985 1355 1041 Intemperies
1382 987 1717 1042 intemperantia
1736 988 1924 1030 inmode—

1131 1057 1243 1098 ratio

1071 1127 1354 1170 Internicium
1387 1129 1549 1170 bellum
1581 1130 1625 1171 in
1658 1145 1741 1185 quo
1776 1146 1923 1173 omnes
1945 1141 1978 1166 «15

1130 1203 1314 1254 pereunt
1344 1201 1465 1242 nullo
1498 1205 1746 1243 remanente

1071 1271 1246 1312 Intento
1279 1272 1374 1314 uiso
1407 1272 1577 1314 intento
1613 1273 1736 1315 oculo

1071 1342 1326 1385 Intercaluit
1358 1344 1612 1386 intermittit

1072 1413 1305 1469 Interpolis
1338 1415 1559 1470 uestisque
1590 1431 1641 1457 ex
1673 1419 1847 1458 uetusto
1876 1418 1925 1458 fit

1132 1486 1257 1541 quasi
1288 1501 1403 1529 nouo

1071 1557 1310 1599 Intermina
1342 1558 1610 1600 internuntia
1640 1561 1809 1602 abiecta
1841 1576 1924 1603 me-

1130 1629 1290 1671 diatrix

1069 1700 1332 1742 Internuntii
1359 1702 1433 1756 qui
1460 1702 1572 1744 inter
1597 1707 1744 1758 partes
1772 1704 1924 1746 nuntia
1944 1714 1977 1737 :30

1130 1772 1330 1814 adferunt

1071 1844 1258 1886 Inuestis
1292 1845 1383 1886 sine
1416 1845 1553 1887 barba
1584 1846 1653 1887 uel
1686 1847 1810 1901 uirgo

1069 1916 1400 1972 Inuestigabilis
1422 1931 1550 1971 quem
1569 1932 1695 1960 nemo
1718 1919 1923 1974 cognosci

1130 1991 1276 2043 potest

1070 2059 1321 2101 Inuentaria
1353 2060 1494 2103 facilis
1521 2061 1833 2103 adinuenienda
1858 2077 1925 2104 res

1072 2131 1292 2173 Inuestem
1312 2132 1536 2174 inber-bem
1558 2131 1761 2190 (priorem
1783 2134 1810 2175 b
1831 2148 1879 2175 ex
1900 2150 1926 2175 u

1132 2218 1185 2246 m.
1204 2207 1230 2245 1
1261 2201 1383 2260 corr.)

1072 2275 1354 2317 Inueniundis
1385 2275 1702 2331 inuestigandis

1072 2347 1246 2389 Inuisor
1276 2346 1474 2388 inuidens
1509 2361 1584 2388 seu
1616 2346 1782 2388 inuisus

1074 2418 1320 2460 Inuidentia
1351 2417 1516 2460 inuidia

1074 2490 1268 2532 Inuicem
1301 2489 1607 2532 setauellantes
1641 2490 1834 2532 inuicens
1866 2490 1927 2531 in-

1131 2562 1320 2604 ridentes

1072 2632 1169 2688 Ipse
1201 2648 1440 2688 pronomen
1471 2632 1651 2675 honoris
1684 2636 1751 2675 est

1073 2705 1328 2760 Inpomenia
1361 2705 1497 2759 chelle
1530 2704 1719 2746 fluminis
1752 2705 1843 2746 filia

1073 2777 1416 2833 Inpocentaurus
1438 2791 1572 2831 equus
1594 2791 1618 2817 a
1643 2779 1817 2830 pectore
1838 2791 1927 2817 sur-

1136 2863 1231 2889 sum
1265 2847 1454 2902 speciem
1485 2847 1675 2889 hominis
1709 2847 1872 2889 habens

1074 2919 1191 2961 Ismo
1223 2921 1341 2960 terra
1373 2918 1547 2974 gracilis

1947 2716 1981 2742 60

275 3087 306 3120 5.
333 3083 495 3130 Inpoene
522 3095 545 3119 α
570 3086 580 3129 ΙΙ
607 3088 639 3119 8.
666 3084 874 3129 exaparatu
900 3096 923 3119 a
947 3086 960 3130 ΙΙ
986 3087 1041 3120 19.
1068 3083 1229 3118 Intriata
1255 3083 1274 3118 b
1300 3085 1310 3129 Η
1336 3087 1393 3119 26.
1419 3082 1674 3118 intercedente
1701 3084 1720 3119 b
1745 3084 1757 3128 Η
1786 3087 1840 3119 60.
1868 3083 1926 3129 Ip—

178 3144 352 3188 pomenia
377 3146 428 3190 bn
448 3148 503 3179 61.
529 3144 821 3188 Ippocentaurus
848 3145 868 3179 b
887 3145 898 3189 ΙΙ
924 3148 978 3179 62.
1005 3143 1056 3179 ist
1082 3143 1156 3178 cibi
1183 3144 1231 3178 ad
1256 3143 1379 3178 locum
1405 3144 1490 3179 add.
1517 3144 1537 3179 b
1555 3146 1568 3189 ΙΙ
