2221 3490
197 143 284 186 518

197 252 335 295 Vadis
368 250 600 305 exsanguis

197 323 441 366 Vadoribus
475 319 732 376 sequacibus

200 393 460 437 Vadimonia
491 392 652 434 iudicia
678 394 779 434 sunt
804 391 917 433 unde
944 391 1057 446 apud

259 465 444 507 iudicem
464 478 541 519 per
561 463 691 505 fidem
711 463 925 505 iussorem
947 463 1056 505 uade

258 535 409 579 relicet

199 608 336 665 Vagit
367 608 536 650 luctuat
568 606 714 662 plorat
746 607 918 663 plangit

158 696 172 719 5
203 680 367 722 Varam
411 678 633 721 uibianam
672 679 836 734 pertice
876 678 1060 720 duorum

258 752 373 793 inter
405 766 450 794 se
484 749 703 806 conligate
742 765 824 805 que
864 750 1060 792 adseren]

260 823 479 866 sustinent
510 822 581 864 uel
608 822 658 863 de
691 821 971 877 prouerbium
999 836 1059 863 se-

261 895 409 951 quitur
440 895 517 936 ubi
549 894 704 936 fantici

201 967 381 1010 Varicat
413 966 593 1008 diuertit
626 966 824 1007 ambulat

200 1038 386 1083 *Varice
419 1038 529 1081 uitia
563 1037 747 1093 quedam
786 1037 944 1092 pedum
978 1051 1060 1092 que

262 1111 418 1154 stando
450 1112 688 1152 nascuntur

202 1184 434 1227 Vasticant
472 1196 552 1238 pro
591 1181 940 1224 uicissitudinem
973 1181 1063 1222 red-

263 1255 370 1297 dunt

203 1326 397 1369 *vatilla
429 1326 529 1382 pala
561 1325 701 1368 ferrea
734 1326 786 1367 ad
819 1325 965 1367 focum

151 1415 184 1439 ιο
203 1399 405 1455 Vectigal
440 1398 606 1440 exactio
640 1397 816 1453 puplica
852 1396 1063 1452 siliquati-

264 1486 362 1513 cum
388 1471 502 1513 idest
523 1470 637 1525 quod
657 1468 861 1511 uenditur
886 1469 931 1510 in
955 1484 1063 1511 mer-

264 1545 359 1585 cato
388 1557 464 1584 seu
489 1557 571 1597 que
600 1542 653 1583 ad
679 1541 846 1583 uictum
871 1541 1063 1596 pertinet

202 1614 465 1671 Vegetatine
499 1613 762 1669 uegetudine
795 1612 909 1654 idest
939 1612 1062 1654 forti-

264 1686 411 1728 tudine
444 1686 608 1728 uirtute

204 1759 340 1816 Vegit
372 1759 569 1814 prouiter
601 1757 691 1814 egit

204 1831 502 1888 Vehiegorum
542 1844 678 1886 genus
718 1828 961 1871 fluuialium
993 1843 1065 1870 na-

264 1904 386 1946 uium
418 1903 532 1958 apud
564 1901 705 1958 gallos

206 1975 465 2032 Velligatim
498 1973 712 2029 paulatim

155 2061 187 2086 15
207 2047 440 2090 Velteltice
471 2045 614 2103 gentis
643 2044 866 2087 cuiusdam
891 2044 1066 2099 loquela

206 2119 378 2162 Vellere
412 2119 610 2161 edificare

206 2192 380 2234 *Velito
414 2190 595 2233 defendo
630 2189 698 2231 uel
727 2189 823 2231 uela
853 2203 1065 2244 compono

207 2263 406 2306 ssVelitor
440 2262 609 2305 assidue
641 2260 802 2317 nauigo

208 2335 349 2378 Verro
382 2335 497 2376 uerri
530 2333 601 2376 uel
632 2333 749 2375 uersi
782 2348 914 2389 scopo

153 2422 187 2446 20
207 2406 382 2448 Verana
413 2406 566 2448 insana
597 2408 778 2447 netrana

207 2478 469 2521 Veretillum
501 2478 642 2533 podex

209 2550 403 2592 Veranat
435 2550 644 2604 deputent
677 2547 749 2589 diu
782 2548 864 2590 hoc
897 2549 1036 2604 egerit

208 2622 476 2665 Verbactum
508 2623 625 2662 terra
656 2620 850 2676 proscisa

209 2693 412 2736 Verbena
445 2708 568 2735 sacra
599 2693 764 2735 frondis

156 2779 191 2803 ‘25
214 2767 380 2809 Vernat
395 2781 420 2807 a
434 2768 629 2820 tempore
644 2763 809 2806 hiemat
824 2764 915 2806 siue
930 2763 1068 2806 carni-

270 2839 372 2880 ficat

214 2909 406 2951 Vei-telle
437 2923 596 2951 nomen
628 2908 822 2950 ciuitatis
856 2911 922 2949 est

213 2980 463 3036 Vertigines
496 2979 794 3035 inrogationes

215 3051 497 3094 Verternaria
527 3051 805 3094 mulomedici

218 3123 464 3166 Verberans
498 3124 649 3166 sedens

597 138 854 175 EXCERPTA
879 138 945 173 EX
970 136 1143 174 CODICE
1169 135 1418 172 VATICANO
1446 140 1538 172 1468

1093 246 1360 289 Versatilem
1411 246 1664 289 tornatilem
1715 247 1952 289 uoluuilem
1972 257 2008 284 30

1153 318 1401 361 uibrantem
1436 316 1566 374 (uibr.
1599 319 1693 361 add.
1725 332 1778 360 m.
1797 316 1847 376 2)

1094 389 1399 432 *Verriculum
1432 392 1523 431 rete

1095 460 1241 503 ssVeru
1274 461 1394 516 spitu

1096 532 1386 575 *Veredarius
1423 533 1497 589 qui
1530 533 1788 576 festinanter
1821 533 1957 576 currit

1156 604 1201 646 in
1235 619 1345 660 equo
1378 605 1448 647 uel
1480 605 1549 647 uir
1581 606 1782 647 redarum

1097 676 1319 719 >²‘Verbero
1344 677 1598 719 uerberonis
1625 678 1756 733 palpo
1779 678 1957 720 comedo

1097 749 1288 792 Vescum
1310 749 1542 791 obscurum
1563 749 1743 791 densum
1768 749 1958 805 spissum
1979 757 2013 783 35

1158 820 1296 878 (dens.
1329 836 1390 877 sp.
1424 822 1518 864 add.
1549 835 1601 863 m.
1622 819 1672 878 2)

1099 893 1267 936 Vescus
1300 908 1387 935 non
1421 895 1628 948 appetens
1662 893 1782 936 ciuos

1100 964 1290 1008 *vescas
1322 967 1497 1007 teneras
1532 965 1668 1007 siccas
1696 964 1830 1007 exiles
1864 966 1958 1020 eda-

1161 1053 1230 1080 ces
1263 1036 1523 1092 appetibiles

1101 1109 1296 1153 Veterna
1329 1109 1547 1151 saumaria

1101 1182 1259 1225 Viator
1291 1181 1457 1223 uicerat
1489 1181 1558 1222 uel
1591 1181 1772 1223 iterator

1100 1253 1269 1297 Viatim
1302 1268 1379 1308 per
1410 1252 1550 1295 uicem
1582 1253 1825 1295 intentione

1102 1326 1240 1368 Vibra
1275 1325 1487 1380 crepando

1103 1397 1354 1441 Victoriosa
1386 1397 1570 1439 uictorie
1603 1397 1735 1453 digna

1103 1470 1221 1513 Victi
1265 1484 1442 1524 compos
1485 1469 1718 1512 uictoriam
1759 1469 1854 1511 uoti
1893 1470 1962 1512 ad-

1161 1545 1288 1598 eptus

1103 1614 1333 1657 Victorum
1366 1613 1509 1655 uictor
1540 1612 1682 1655 uictos
1716 1615 1942 1667 superatos

1101 1685 1332 1728 ²2<Vieetum
1365 1698 1574 1740 rugosum
1605 1684 1862 1740 languidum
1981 1690 2018 1716 45

1107 1757 1341 1800 Viduertas
1376 1755 1603 1800 calamitas
1637 1755 1813 1798 miseria

1104 1829 1346 1872 Viduuium
1388 1828 1463 1884 qui
1505 1828 1612 1870 duos
1655 1828 1837 1870 maritos
1877 1843 1963 1870 am-

1164 1901 1286 1943 misit

1103 1973 1280 2016 *Viduli
1311 1972 1479 2014 humidi

1103 2045 1258 2087 Vietus
1292 2044 1498 2087 incuruus
1532 2044 1652 2100 rugis
1686 2047 1888 2087 exaratus

1104 2116 1339 2174 Vigauisse
1372 2119 1522 2171 supter
1553 2115 1721 2172 fugisse

1105 2190 1342 2232 Vilicarem
1374 2188 1478 2230 uille
1510 2203 1710 2244 praeesse

1105 2261 1296 2304 Vilitant
1329 2260 1463 2301 uilem
1494 2259 1661 2302 faciunt

1105 2333 1273 2376 Vilicus
1315 2334 1463 2374 custos
1502 2331 1693 2388 agoralis
1731 2331 1801 2372 uel
1844 2333 1966 2373 actor

1166 2404 1291 2460 quasi
1326 2419 1350 2445 a
1380 2403 1488 2445 uilla

1979 1263 2015 1287 40

1983 2122 2018 2147 50

1102 2476 1268 2518 Vilicat
1301 2475 1494 2518 officium
1526 2474 1646 2518 uilici
1679 2475 1772 2531 agit

1102 2547 1247 2590 ssVilla
1279 2563 1304 2590 a
1341 2547 1458 2589 uallo
1499 2546 1613 2589 idest
1653 2561 1812 2603 aggere
1844 2549 1958 2588 terre
1981 2552 2017 2579 ⁵⁵

1164 2619 1279 2675 quod
1299 2634 1435 2675 prope
1455 2618 1596 2660 limite
1618 2617 1827 2661 constitui
1848 2618 1960 2660 solet

1106 2691 1338 2734 Vindemia
1371 2690 1626 2733 collectione
1657 2691 1860 2732 laborum

1105 2763 1355 2806 Vinditasse
1388 2763 1572 2804 uendere
1604 2761 1858 2803 uendedisse

1106 2835 1268 2878 Vineta
1298 2835 1423 2876 uinee
1455 2834 1629 2889 pastina
1661 2832 1925 2888 propagines

1105 2906 1268 2950 Vineas
1301 2905 1748 2948 machinamentarum
1788 2903 1838 2962 (h
1868 2905 1960 2946 add.

1167 2993 1219 3020 m.
1239 2977 1288 3034 2)
1331 2992 1490 3034 genera
1529 2976 1603 3032 qui
1643 2977 1755 3018 fiunt
1792 2976 1839 3019 in
1876 2990 1965 3018 mo-

1171 3051 1272 3092 dum
1305 3049 1493 3092 turrium
1524 3063 1574 3091 ac
1606 3048 1715 3090 rotis
1749 3048 1965 3090 ducuntur

1170 3122 1214 3163 in
1252 3121 1410 3177 quibus
1449 3121 1688 3164 ascendunt
1720 3118 1882 3160 milites
1921 3120 1965 3160 et
