2175 3428
617 142 872 179 EXCERPTA
898 142 964 177 EX
990 144 1134 179 LIBRO
1163 144 1453 180 GLOSSARVM

165 253 458 308 Intercapetio
495 252 742 295 interiectio
776 255 1020 308 temporum

163 324 336 367 Interex
356 325 430 380 qui
449 323 625 366 nuntiat
646 324 844 366 consules
862 323 1019 381 (Vim.)

164 396 391 438 Interlitus
425 395 692 438 interlinitus

162 467 416 511 Interlictus
449 467 654 522 uarieque
687 467 930 510 maculatus

127 550 142 575 5
163 539 459 581 InterminaIiS
492 538 728 580 terminum
761 553 911 580 carens

163 610 403 653 Intermina
455 609 759 665 inseparabilis
811 613 886 652 aut
936 613 1019 652 ter-

222 682 339 725 mino
374 697 523 725 carens

161 754 447 797 Internicium
471 753 633 796 bellum
642 751 676 810 1)
696 753 742 795 in
763 768 847 809 quo
870 769 1018 797 omnes

219 823 447 882 pereunt2)
478 825 598 867 nullo
632 829 883 868 remanente

160 897 458 940 Internuntias
498 897 758 939 mediatores
792 897 866 952 qui
903 896 1018 939 inter

218 971 366 1025 partes
397 968 575 1011 nuntios
609 968 808 1011 deferunt

158 1040 514 1083 Interstinximus
546 1040 886 1096 interposuimus
919 1046 958 1091 Bc

109 1125 140 1151 10
160 1111 454 1155 Intersticiam
485 1113 813 1155 interstantiam

159 1184 359 1227 Intextus
391 1185 614 1240 plumatus

157 1256 358 1298 Intextus
391 1255 678 1298 infabricatus

157 1327 306 1370 Intiba
324 1327 525 1384 uirgilius
547 1328 859 1384 strimonieque
887 1343 1016 1385 grues

217 1402 261 1441 et
293 1399 452 1442 amaris
485 1400 626 1442 intiba
657 1400 779 1443 fibris

155 1471 339 1513 Intimat
372 1471 537 1514 indicat
567 1475 720 1514 notum
753 1471 860 1514 facit

104 1557 136 1582 15
155 1542 365 1585 Intritum
398 1543 590 1586 infusum

156 1614 330 1656 Intristi
362 1616 529 1670 parasti

156 1686 374 1728 Innubata
404 1687 530 1743 uirgo

157 1757 433 1801 Inueterator
465 1760 639 1802 subtilis
674 1760 919 1802 malitiosus

156 1830 327 1873 Inuices
354 1834 399 1873 et
427 1831 656 1874 auillantes
682 1831 872 1874 inuicem
897 1831 943 1873 in
971 1846 1015 1873 sc

217 1902 407 1945 ridentes
440 1901 582 1961 (Isioi.)

104 1990 138 2015 20
157 1974 389 2018 Inuncauit
438 1991 569 2018 manu
614 1975 898 2031 adprehendit
941 1991 1018 2031 per

217 2047 292 2089 uin
325 2062 478 2090 manus
510 2047 661 2090 intulit

155 2118 387 2162 Inuncauit
427 2134 558 2161 manu
600 2119 885 2174 adprehendit
926 2120 1016 2161 uim

216 2206 347 2233 manu
377 2189 529 2233 intulit

156 2262 275 2305 Iobis
314 2263 513 2321 armiger
537 2263 682 2318 aquila
720 2263 868 2305 baiula
901 2264 1017 2305 enim

219 2335 331 2378 iobis
364 2334 561 2377 fulminis
595 2335 754 2377 dicitur
787 2333 946 2392 (Vim.)

158 2405 333 2448 Iouanti
366 2421 413 2448 os
448 2406 659 2462 aperienti

160 2477 448 2520 Iobentabilis
479 2479 698 2521 beneficus

1832 147 1917 188 213

1058 253 1327 297 Iscenouatis
1361 254 1581 297 funabulis
1937 268 1970 294 2⁵

1057 324 1254 381 Isceptra
1286 326 1412 382 uirga
1445 327 1605 383 regalis

1060 396 1247 439 Ischifus
1281 398 1518 440 recent-ales

1058 467 1286 510 Ischinifes
1319 468 1531 512 uerniculi

1058 539 1294 581 Isciscitari
1326 540 1597 596 interrogare

1057 611 1322 653 Iscurrilitas
1356 611 1477 653 iocus
1509 611 1719 667 inprobus

1058 682 1329 737 Ispeculator
1361 683 1591 738 episcopus

1056 754 1330 810 Ispeculatur
1363 754 1558 797 adtendit

1056 825 1328 880 Ispeculator
1361 826 1551 868 carnifex

1055 896 1285 952 Ispelunca
1316 898 1438 940 locus
1471 901 1538 940 est
1570 899 1615 940 in
1650 899 1913 954 profundum

1115 971 1229 1023 terre
1264 969 1444 1012 diffusus

1054 1040 1200 1096 Ispida
1229 1041 1371 1096 pilosa

1054 1112 1226 1167 Ispidus
1271 1112 1436 1155 irsutus
1481 1114 1595 1156 idest
1638 1114 1803 1170 pilosus
1843 1115 1913 1157 uel

1115 1184 1338 1240 squalidus
1348 1182 1383 1241 3)

1054 1256 1208 1312 Ispiris
1239 1256 1411 1299 circulis

1055 1328 1277 1384 Isqualida
1309 1328 1475 1370 inculta

1053 1400 1301 1455 Isqualidus
1335 1399 1535 1441 sordidus

1935 626 1969 651 30

1933 1056 1967 1081 35

1053 1472 1236 1527 Istipem
1269 1472 1569 1514 modicitatem
1931 1486 1967 1511 ιο

1052 1543 1235 1599 Istipem
1269 1543 1495 1586 alitionem

981 1610 986 1615 ’
1052 1615 1292 1671 Istipendia
1323 1616 1431 1659 uicti
1462 1616 1708 1659 necessaria

1053 1687 1344 1743 Istipendium
1376 1688 1540 1730 laboris
1573 1688 1764 1731 fructum

1053 1759 1303 1801 Istromatis
1337 1759 1648 1802 conmentariis
1682 1760 1888 1802 scientiae

1053 1831 1339 1872 Istromateas
1392 1829 1544 1888 opus4)
1596 1831 1767 1874 uarium
1821 1833 1911 1874 siue
1931 1848 1965 1875 45

1114 1901 1323 1944 laciniosa
1367 1903 1437 1944 uel
1488 1903 1612 1945 uaria
1660 1903 1912 1947 diuersitate

1117 1977 1369 2016 contextum
1411 1996 1415 1998 -

1054 2047 1208 2088 Iubam
1252 2060 1422 2089 comam
1474 2046 1674 2103 Uirgilius
1723 2047 1824 2090 talis
1870 2051 1914 2090 et

1114 2117 1208 2173 ipse
1270 2118 1420 2160 iubam
1483 2118 1696 2161 cerbicem
1763 2120 1914 2162 effudit

1115 2189 1272 2245 equina

1054 2261 1267 2304 Iubencus
1312 2262 1392 2305 bos
1443 2262 1517 2318 qui
1561 2263 1649 2305 iam
1695 2278 1719 2304 a
1763 2263 1914 2305 uitulis

1117 2333 1317 2376 discessit
1367 2336 1410 2375 et
1460 2335 1632 2377 labores
1688 2335 1914 2378 hominum

1115 2405 1239 2448 iubat

1056 2477 1264 2520 Iubentas
1297 2480 1389 2520 etas
1430 2477 1521 2520 siue
1555 2479 1634 2520 dea
1672 2479 1913 2522 iuuentutis

264 2607 296 2652 1)
320 2607 346 2641 b
371 2619 416 2643 ex
440 2619 465 2642 u
490 2610 575 2643 mlv>
600 2619 692 2643 corr.
712 2609 780 2653 112)
806 2609 891 2644 add.
917 2620 961 2643 m.
977 2611 1002 2644 2
1019 2609 1031 2653 ΙΙ
1051 2609 1088 2654 3)
1115 2608 1183 2642 dus
1209 2612 1294 2643 m.2
1321 2609 1362 2643 in
1388 2608 1441 2643 lit.
1461 2609 1473 2652 ss
1498 2609 1534 2652 4)
1562 2609 1599 2643 in
1629 2619 1698 2643 ras.
1728 2620 1770 2643 m.
1787 2613 1811 2643 2
1837 2610 1849 2652 ΙΙ

252 2718 284 2748 2.
310 2714 466 2749 nunciat
490 2716 501 2760 ΙΙ
534 2718 565 2750 5.
592 2714 751 2750 termino
778 2726 822 2750 ex
847 2715 1050 2750 terminum
1076 2727 1169 2751 corr.
1196 2716 1207 2760 ΙΙ
1240 2719 1270 2751 7.
1298 2714 1490 2760 perierunt
1515 2717 1526 2758 ΙΙ
1560 2719 1590 2751 6.
1618 2714 1877 2750 Internuncias
1906 2716 1910 2762 Ι

160 2773 315 2808 nuncios
347 2776 358 2819 ΙΙ
391 2778 422 2809 9.
452 2776 484 2817 Bc
511 2786 577 2810 om.
603 2776 615 2820 ΙΙ
648 2778 702 2810 10.
730 2774 980 2811 Interstitiam
1005 2778 1018 2822 ΙΙ
1051 2779 1106 2811 15.
1133 2774 1331 2810 Inter-itum
1355 2776 1367 2819 11
1400 2778 1455 2809 is.
1482 2773 1698 2808 maliciosus
1729 2777 1741 2819 ΙΙ
1774 2778 1828 2809 19.
1855 2775 1914 2809 In-

158 2832 280 2867 uicem
305 2844 344 2868 se
370 2833 593 2869 cauillantes
625 2835 636 2879 ΙΙ
674 2837 729 2869 20.
758 2833 835 2868 uim
861 2846 904 2870 ex
934 2835 1001 2870 uin
1026 2847 1117 2871 corr.
1151 2837 1162 2881 ΙΙ
1194 2838 1248 2869 22.
1277 2833 1377 2869 Iouis
1403 2845 1448 2869 ea:
1472 2833 1573 2868 Iobis
1600 2845 1690 2869 corr.
1714 2835 1719 2879 Ι
1749 2833 1844 2868 iouis
1871 2845 1915 2869 ex

159 2890 255 2926 iobis
282 2903 373 2928 corr.
405 2895 416 2937 ΙΙ
448 2896 503 2928 24.
530 2893 777 2928 Iouentabilis
809 2905 854 2930 ex
878 2894 1125 2930 Iobentabilis
1152 2906 1241 2930 corr.
1267 2896 1271 2938 Ι
1300 2892 1477 2928 beneficis
1503 2904 1547 2928 eae
1572 2893 1760 2927 beneficus
1787 2905 1877 2929 corr.
1904 2894 1916 2941 Η

161 2954 215 2986 27.
242 2950 399 2985 Ischifos
425 2952 512 2995 [128.
538 2951 735 2986 uermiculi
759 2954 770 2998 ΙΙ
797 2956 852 2988 29.
879 2953 1090 2990 Isciscitare
1116 2956 1128 2999 Η
1157 2957 1212 2988 38.
1239 2951 1434 2997 Isqualida
1459 2963 1504 2987 ex
1528 2951 1761 2996 Isqualidam
1785 2964 1876 2989 corr.
1904 2954 1915 2998 13

161 3012 217 3045 44.
244 3009 456 3044 istromacis
475 3012 486 3055 ΙΙ
506 3013 562 3045 46.
591 3010 774 3046 ceruicem
799 3024 844 3047 ex
869 3012 1052 3048 cerbicem
1078 3024 1168 3048 corr.
1190 3015 1201 3056 ΙΙ
1221 3015 1276 3047 47.
1304 3012 1486 3046 quencus
1513 3023 1556 3046 ex
1582 3011 1765 3047 Iubencus
1792 3024 1882 3048 corr.
1907 3016 1911 3060 Ι

162 3067 269 3103 iuuat
299 3063 359 3104 ex*
376 3068 483 3104 iubat
514 3081 604 3106 corr.
643 3071 654 3114 ΙΙ
692 3072 748 3105 48.
782 3071 959 3107 quentas
986 3085 1026 3108 (τε
1055 3072 1230 3108 iubentes
1257 3083 1348 3107 corr.
1384 3073 1390 3114 l
1424 3067 1633 3106 iuuentutis
1666 3083 1710 3107 ea:
1741 3071 1913 3107 iubentu-

161 3126 212 3161 tis
237 3139 327 3163 cor'r.
360 3129 371 3172 [1
