2221 3490
282 150 368 188 442
822 149 1074 185 EXCERPTA
1102 151 1164 185 EX
1192 151 1383 186 GLOSSIS
1410 153 1442 186 A
1462 152 1492 185 A

283 258 454 299 Auonas
488 258 728 299 loramcnta
761 273 970 312 equorum
1170 260 1332 302 Barrus
1365 261 1542 303 locabos
1576 262 1749 317 clephas

282 329 483 370 Auellum
530 329 691 370 bellum
733 329 906 372 ciuilem
945 331 1047 372 dum
1087 331 1131 372 in
1191 333 1416 374 {ascaudas
1450 348 1604 376 concas
1636 334 1787 388 heroas
2039 348 2074 372 30

339 401 444 441 duas
478 400 642 442 diuitur
675 400 715 457 (r
747 416 794 443 esc
826 400 865 456 s)
900 405 1046 457 partes
1169 402 1403 445 Baucalem
1431 403 1678 460 sigillonem
1706 405 1779 446 ubi
1805 405 1949 447 infusa
1971 407 2022 448 fit

278 471 423 512 Abelli
457 468 503 528 (b
534 486 582 514 επ
613 469 660 528 11)
694 487 846 527 aprum
1169 473 1379 515 Batillum
1423 490 1500 517 uas
1551 476 1603 518 ad
1648 475 1885 531 portandos
1931 492 2021 519 car-

235 576 238 579 .
278 542 478 584 Auernus
512 542 705 586 infernus
739 544 973 600 axaiponta
1227 544 1360 587 bones

243 626 258 649 5
278 612 460 655 Auferes
493 613 743 658 interemias
777 614 817 673 (s
850 618 943 659 add.
975 615 1089 674 1112)
1168 616 1376 658 Barbisco
1411 623 1432 656 Γ
1435 623 1594 657 ΕΝΗΖω

278 684 523 741 Augurium
558 687 730 743 signum
764 691 838 730 aut
871 688 1054 743 spicatio
1171 689 1404 731 barbarica
1437 705 1540 733 auro
1574 705 1627 732 an
1662 693 1916 732 ornamenta

281 756 437 813 Augur
470 773 547 812 per
580 773 707 813 quom
746 759 791 800 111
829 760 1015 814 publicis
1049 761 1130 815 pri-
1169 759 1370 802 Baubant
1402 761 1565 802 latrant
2042 774 2076 800 35

338 828 537 883 batisque
570 830 698 871 rebus
731 830 907 872 deorum
943 834 1131 874 mentem
1168 831 1303 885 Bases
1337 833 1471 874 sessio
1506 833 1702 887 columne

337 899 586 943 hominibus
602 902 838 944 enuntiatis
852 918 927 958 per
940 903 1132 959 auspicia
1170 903 1410 945 Bacillatex
1443 905 1592 946 uinum

339 973 554 1026 quomodo
590 973 777 1029 quidque
812 974 869 1016 sit
901 975 1088 1030 gerendo
1169 975 1312 1016 Bacue
1346 976 1530 1017 clamare

279 1044 575 1099 Augmentum
661 1045 976 1087 incrementum
1061 1046 1131 1087 ab·
1169 1045 1340 1088 Bachra
1371 1062 1473 1089 ursa
1506 1048 1657 1089 rauida

339 1116 535 1171 augendo
1170 1118 1368 1160 Baburra
1399 1119 1536 1160 stulta
1567 1122 1760 1174 mempta
2043 1133 2078 1157 40

279 1186 447 1229 Auidus
481 1188 659 1242 cupidus
694 1188 871 1244 glutton
1172 1190 1358 1231 Uarrum
1391 1191 1563 1245 proprie
1598 1205 1756 1246 genum
1789 1192 1961 1232 tardum

228 1269 259 1292 10
280 1259 452 1300 Auillus
487 1274 623 1315 agnus
658 1274 804 1302 recens
837 1264 966 1302 natus
1172 1261 1354 1303 Batioca
1387 1264 1538 1317 patera

279 1330 389 1372 Aule
423 1334 589 1373 atreum
622 1332 791 1386 portica
824 1336 1073 1374 sanctorum
1172 1332 1411 1374 Baccillum
1445 1333 1661 1375 modicum
1695 1334 1897 1376 baculum

281 1402 502 1444 Aurorans
537 1403 787 1445 illuminans
1173 1404 1441 1459 Baccapulus
1485 1404 1528 1446 in
1567 1420 1651 1459 quo
1691 1406 1852 1447 mortui
1891 1406 1928 1448 ei
1969 1406 2025 1447 fe-

278 1473 441 1516 Aurela
473 1475 640 1516 cortina
673 1476 792 1531 regia
1232 1478 1387 1517 runtur

281 1546 455 1587 Aurenx
490 1562 624 1602 equus
658 1547 878 1589 solitarius
1171 1548 1340 1589 Baxeas
1374 1548 1540 1591 calceos
2043 1562 2077 1586 45

229 1629 260 1653 15
283 1618 434 1659 Ausim
469 1634 597 1660 ausus
631 1634 727 1660 sum
759 1620 825 1661 uel
860 1620 966 1661 adeo
1171 1620 1384 1661 Basterna
1416 1622 1532 1662 tecta
1563 1622 1775 1663 manualis

280 1689 490 1732 Austrare
522 1690 748 1733 humidum
780 1692 918 1733 facere
1171 1692 1340 1733 Bacane
1373 1691 1508 1733 herba
1540 1692 1765 1735 iocundior

280 1762 528 1803 Austeritas
562 1763 773 1817 asperitas
1172 1763 1335 1804 Baxem
1369 1762 1665 1805 calciamentis
1699 1778 1834 1820 genus

282 1834 494 1875 Austcrus
528 1849 598 1875 aer
630 1834 904 1889 inplacabilis
1172 1835 1368 1876 Beatitas
1402 1833 1627 1877 beatitudo
1661 1835 1845 1878 felicitas

281 1905 555 1947 Authumant
587 1906 736 1948 dicunt
773 1907 984 1948 extimant
1024 1909 1134 1949 arbi·
1172 1907 1356 1948 Becilles
1393 1907 1534 1962 egroti
1566 1907 1772 1949 informes
1805 1906 1947 1949 insani
2045 1920 2079 1944 50

340 1981 513 2019 trantur
545 1977 614 2019 uel
646 1978 873 2019 nominant
1077 2011 1084 2016 .
1174 1978 1370 2020 Bellator
1401 1979 1529 2020 bellis
1564 1979 1791 2020 familiaris

230 2060 262 2082 2’0
287 2049 536 2091 Autumaris
569 2049 780 2091 dubitaris
1175 2050 1356 2092 Bellona
1386 2050 1595 2092 bellicosa
1629 2053 1768 2093 mater
1799 2050 1953 2097 martis

282 2121 403 2162 Auus
438 2121 642 2176 sappinus
1174 2122 1632 2177 Bellasqueruperibus
1660 2122 1914 2164 bellicorum
1939 2136 2026 2163 ma-

282 2191 402 2234 Auus
435 2208 602 2247 pappus
1233 2194 1393 2249 gnificu
1425 2193 1539 2234 bella

284 2263 469 2305 Auxiliis
504 2265 717 2307 sollicitus
745 2269 787 2307 ot
821 2281 865 2308 se
899 2266 1041 2321 ipsum
1070 2281 1135 2307 vx·
1174 2265 1393 2306 Bellantes
1426 2265 1682 2307 dimicantes
1714 2267 1958 2320 pugnantes

344 2336 495 2378 cedens
1174 2336 1541 2379 Bellicosissimus
1582 2339 1797 2393 pugnator
1840 2335 2024 2393 insignis
2045 2347 2079 2373 55

1232 2409 1346 2450 idest
1376 2406 1749 2449 nominatissimus

1174 2479 1440 2522 Bellicosum
1472 2480 1615 2521 locum
1647 2479 1722 2521 ubi
1756 2493 1904 2535 pugna
1933 2479 1984 2520 fit

284 2549 406 2592 Babe
441 2550 669 2592 admiratio
704 2554 769 2593 est
1176 2552 1418 2607 Bellicrepa
1469 2551 1644 2593 saltatio
1696 2564 1826 2605 quam
1875 2550 2025 2604 pyrica

233 2637 266 2661 κε’»
285 2622 447 2664 Baccat
479 2622 690 2664 uociferat
723 2624 937 2678 spatiatur
1236 2623 1418 2665 dicimus

285 2693 533 2736 Bacterium
565 2695 765 2736 baculum
799 2695 958 2736 fustem
1176 2695 1310 2749 Bolbe
1343 2693 1480 2748 bestie
1514 2694 1588 2736 sed
1619 2692 1793 2748 proprie
1827 2692 1991 2747 marine

286 2765 432 2807 Badue
466 2766 607 2820 dilicifg
1176 2766 1410 2808 Babundus
1444 2768 1640 2807 metuens

285 2836 416 2878 Bafer
447 2851 624 2892 grossus
1176 2837 1305 2878 Blata
1335 2851 1525 2892 purpora
2046 2845 2081 2871 6⁰

383 2959 412 2988 3.
440 2954 564 2988 Auelli
591 2967 623 2989 (ι.
663 2954 781 2988 Α111111
808 2956 827 2989 b
858 2957 868 2998 1}
899 2958 929 2988 6.
958 2956 1024 2989 aut
1050 2954 1208 2999 spicatio
1235 2965 1299 2989 om.
1329 2955 1379 2989 ab
1409 2955 1419 2997 Η
1450 2957 1503 2988 14.
1531 2954 1678 2987 Aurcax
1704 2954 1755 2988 ab
1783 2953 1795 2996 ΙΙ
1825 2954 1880 2987 15.
1907 2951 2026 2986 audeo

288 3014 338 3046 ab
357 3016 369 3057 ΙΙ
389 3018 442 3048 31.
471 3013 650 3059 gillonem
676 3015 727 3048 ab
747 3016 758 3057 ΙΙ
779 3017 833 3047 37.
862 3013 1075 3047 Baccilatcx
1102 3026 1125 3047 α
1144 3014 1155 3057 ΙΙ
1175 3016 1230 3047 39.
1252 3012 1414 3046 Bacthra
1436 3014 1485 3047 ab
1506 3015 1517 3057 [1
1543 3016 1598 3047 40.
1626 3011 1755 3057 inepta
1780 3012 1830 3046 ab
1850 3013 1862 3055 ΙΙ
1890 3014 1944 3045 41.
1971 3009 2026 3044 111-

288 3071 396 3115 genio
423 3073 474 3107 ab
506 3076 516 3116 ΙΙ
549 3076 603 3107 41.
633 3072 834 3107 efferuntur
859 3084 881 3107 a
913 3075 923 3116 ΙΙ
951 3076 1004 3107 -18,
1039 3071 1285 3106 calceamenti
1311 3084 1333 3106 α
1357 3074 1369 3116 ΙΙ
1396 3076 1449 3106 50.
1478 3071 1639 3106 infirmes
1666 3072 1717 3106 ab
1753 3072 1765 3115 ΙΙ
1797 3073 1851 3105 53.
1882 3069 2025 3115 magni-

289 3130 398 3164 ficum
424 3132 474 3166 ab
500 3133 511 3175 ΙΙ
543 3135 597 3165 56.
626 3131 728 3165 locus
754 3133 804 3167 ab
835 3133 847 3176 ΙΙ
879 3136 933 3166 59.
963 3131 1179 3165 Biabundus
1206 3132 1257 3165 ab
1289 3134 1300 3175 ΙΙ
