2221 3490
124 843 185 879 fol.
196 848 258 877 31¹

279 150 365 192 418

271 259 547 301 Scatentibus
581 258 772 300 credenti

272 331 510 373 Dumtaxat
543 330 728 371 maxime

268 403 436 457 Expers
468 401 648 458 ignarus

269 474 538 516 Caracteries
572 472 800 528 scripturis

223 558 248 583 >5
268 545 448 602 Degesti
481 547 583 587 sunt
616 545 871 600 congregati
905 548 1006 587 sunt

266 617 489 658 Deflorare
524 617 709 658 euellare

267 688 462 730 Condere
497 689 761 731 abscondere

267 760 516 802 Eneruatus
549 760 768 802 inualidus

815 147 1057 183 SPECTMEN
1084 146 1269 182 CODICIS
1296 145 1547 182 LEIDENSIS

1169 256 1384 313 Oethepia
1410 256 1574 299 coitum
1605 256 1758 298 matris
1786 260 1829 298 et
1862 257 2024 300 sororis

1229 330 1342 371 sicut
1369 328 1584 371 manichei
1611 327 1657 370 in
1678 328 1860 371 occultis
1886 329 1929 370 id
1957 331 2025 371 est

1226 402 1271 442 in
1305 400 1476 443 occulta
1507 400 1603 442 loca
1635 400 1851 442 idolorum

1166 472 1334 515 Puncto
1373 470 1416 529 (c
1441 486 1522 526 pro
1555 486 1583 528 g
1622 486 1724 514 corr.
1757 486 1810 513 m.
1831 470 1874 528 1)
1914 471 2025 514 fora-

1225 544 1339 586 mine
1367 544 1412 585 in
1438 558 1523 599 quo
1551 543 1680 598 pedes
1706 543 1954 586 uinctorum
1980 543 2026 585 in

1225 616 1345 672 ligno
1397 617 1603 657 tenentur
1649 615 1830 657 cubitali
1881 615 2024 670 spatio

1223 687 1454 731 interiecto
1488 686 1776 728 interuinctos

1166 760 1397 803 Munerum
1453 759 1604 801 diebus
1662 759 2024 801 remunerationis

510 832 589 874 DE
623 830 880 874 EVSEBIO
1225 833 1416 874 militum

215 919 246 942 10
266 904 508 960 Tragoedia
550 904 707 946 bellica
747 904 917 946 cantica
955 904 1024 945 uel
1068 903 1127 945 fa·
1167 904 1337 946 Harene
1370 903 1551 946 theatrii

326 976 493 1018 bulatio
526 976 597 1018 uel
629 976 825 1018 hircania
857 978 983 1031 trago
1013 976 1127 1017 enim
1166 975 1371 1019 Genesrix
1404 977 1454 1017 de
1486 975 1620 1031 frigia
1652 975 1832 1016 ciuitate
2043 987 2078 1011 40

325 1049 439 1091 ircus
1164 1048 1301 1104 Legio
1336 1063 1410 1090 sex
1441 1047 1564 1090 milia

267 1119 364 1163 Goli
396 1121 568 1162 dolores
600 1120 767 1161 uentris

268 1193 452 1248 Prorigo
485 1191 610 1233 urido
645 1191 756 1233 cutis
790 1191 833 1232 id
868 1195 934 1232 est
967 1206 1125 1247 gyccae

266 1265 452 1306 Luridus
483 1264 693 1320 pallidus·

266 1337 543 1392 Hydropicus
577 1335 803 1390 aquaticus

214 1409 452 1464 15Tentigo
500 1407 710 1449 tenacitas
756 1406 921 1448 uentris
968 1406 1010 1447 id
1057 1409 1125 1448 est

327 1481 454 1523 ebind

265 1553 492 1608 Toparcha
522 1551 607 1593 loci
639 1550 840 1606 princeps

265 1625 408 1680 Topus
443 1622 487 1680 (p
521 1638 568 1666 ex
601 1623 626 1664 b
656 1620 778 1679 corr.)
812 1622 932 1663 locus

268 1698 361 1753 Age
395 1696 604 1738 uelociter

266 1767 540 1824 Constipatio
575 1765 903 1809 circumstantia

212 1853 246 1877 20
266 1839 597 1896 Apparitorium
631 1838 895 1880 auditorium

266 1912 563 1968 Adstipulatio
598 1909 870 1952 confirmatio

265 1984 394 2040 Cyati
427 1985 582 2026 calices

265 2056 601 2098 Consultoribus
635 2053 897 2096 consiliariis

265 2126 494 2183 Diriguere
539 2141 618 2181 pro
661 2128 839 2180 stupore
886 2125 1122 2180 pallescere

325 2198 384 2256 (le
417 2212 465 2241 esc
496 2198 527 2239 li
559 2212 658 2240 corr.
692 2212 745 2239 m.
761 2195 805 2254 1)

212 2284 246 2309 25
266 2270 486 2326 Quadriga
517 2285 542 2311 a
574 2282 644 2311 1111
677 2269 799 2324 equis
833 2269 991 2311 dicitur

267 2341 537 2384 Stromatum
569 2341 783 2383 lectorum

265 2415 298 2455 A
337 2414 560 2469 theologia
594 2428 618 2454 a
651 2413 718 2454 dei
751 2412 973 2468 genilogia

265 2484 509 2540 Opperiunt
541 2485 770 2526 inueniunt
801 2484 1054 2538 repperiunt

263 2556 494 2599 Miherculi
536 2556 724 2598 mifortis
770 2555 828 2612 (ti
860 2569 909 2597 ex
945 2559 986 2596 te
1019 2569 1120 2597 corr.

323 2644 375 2671 m.
396 2626 446 2686 1)

210 2712 244 2737 30
263 2700 413 2756 Magni
447 2699 619 2742 sabbati
651 2699 694 2740 id
727 2702 793 2741 est
824 2699 982 2754 pasche

265 2771 521 2828 Subregeris
555 2770 789 2813 subieceris

265 2842 451 2885 Curione
485 2842 558 2897 qui
591 2857 738 2884 curam
772 2842 884 2897 gerit

263 2914 481 2956 Editionis
508 2913 816 2969 puplicationis
844 2914 1120 2968 propositure

264 2985 483 3040 Auspiciis
524 2986 597 3039 qui
636 3000 736 3027 aues
775 2984 1120 3039 inspiciunt‘uel

323 3057 519 3098 homines
554 3056 781 3098 obuiantes

211 3139 245 3164 3⁵
265 3127 489 3169 Thiesteas
521 3128 902 3169 commessationes

1165 1119 1432 1162 Ceteriorem
1465 1119 1722 1161 ulteriorem

1163 1192 1409 1235 Bachantes
1441 1191 1629 1246 turpiter
1661 1190 1860 1232 ludentes

1165 1264 1336 1307 Solaria
1369 1264 1489 1305 sedes
1522 1262 1593 1304 uel
1625 1262 1721 1304 loca
1753 1262 1844 1303 alta

1162 1336 1368 1378 Tesseras
1400 1335 1565 1377 tesulas
2042 1344 2077 1370 45

1163 1407 1421 1450 Metafrasin
1452 1404 1760 1460 interpretatio

1163 1479 1318 1521 Oraria
1350 1493 1529 1534 mappas
1562 1477 1631 1519 uel
1664 1476 1922 1518 linteamina

1165 1550 1408 1593 Sinefactas
1440 1550 1620 1605 pudicas
1653 1549 1723 1590 uel
1753 1548 2022 1591 abstinentes

1163 1622 1386 1678 Vngulam
1414 1621 1578 1663 ferrum
1611 1635 1791 1663 curuum
1818 1623 1867 1661 ut
1893 1619 2022 1676 digiti

1162 1694 1333 1737 Troclei
1366 1694 1474 1736 rotis
1507 1691 1689 1735 modicis
2041 1704 2076 1729 50

1162 1765 1378 1808 Inaculeis
1416 1765 1463 1806 in
1495 1764 1620 1806 ferris
1659 1764 1781 1820 ligno
1820 1764 1866 1806 in
1906 1767 2024 1806 terra

1196 1828 1368 1892 'posito
1400 1837 1546 1878 infixis
1579 1838 1624 1878 et
1656 1836 1801 1878 curuis

1165 1904 1318 1951 Stibiis
1353 1908 1572 1951 coloribus

1164 1979 1306 2022 Stibia
1338 1981 1442 2022 erba
1474 1981 1524 2022 de
1557 1994 1642 2035 quo
1675 1980 1834 2022 facitur

1161 2051 1491 2094 Inextricabiles
1524 2052 1925 2094 inexterminabiles

1161 2123 1354 2166 Adortus
1388 2124 1597 2165 inchoans
1632 2123 1822 2165 exortari
2039 2135 2073 2161 55

1163 2194 1423 2250 Suppuratis
1450 2195 1619 2236 insania
1645 2195 1819 2237 fluentis
1846 2195 1917 2236 uel
1946 2210 2019 2250 pu-

1220 2267 1403 2309 rulentis

1160 2339 1271 2380 Thia
1303 2341 1538 2380 matertera

1161 2410 1418 2467 Metropolis
1451 2413 1590 2452 mater
1623 2410 1854 2452 ciuitatum

1160 2482 1347 2537 Compos
1380 2482 1599 2537 particeps

1158 2554 1320 2596 Loculo
1354 2569 1457 2596 uase
1489 2553 1634 2610 ligneo
2035 2565 2072 2591 60

1159 2625 1348 2668 Asillum
1379 2627 1501 2668 locus
1535 2625 1693 2681 refugii
1726 2628 1903 2667 sanctus

1160 2695 1294 2739 Gesta
1328 2698 1491 2753 scripta

1160 2767 1420 2811 Conibentia
1454 2783 1689 2811 consensus

1160 2839 1306 2882 Ludus
1333 2841 1559 2882 literarum
1587 2841 1705 2882 scola
1730 2840 2015 2895 paruulorum

1217 2913 1457 2968 legentium

1157 2982 1432 3039 Pedissequis
1467 2984 1694 3026 conuiator
1726 2986 1912 3039 gegenta
2033 2993 2068 3018 65

1158 3054 1340 3096 Lacerta
1372 3055 1507 3097 adexa

1158 3125 1388 3168 Nouellam
1422 3142 1579 3168 nouam
1615 3125 1871 3168 diminutiue
