2216 3402
588 107 822 143 PLACOEVS
848 107 1102 142 LIBRORVM
1127 107 1445 143 ROMANORVM
1838 110 1894 150 43

188 216 412 260 INCIPIT
445 217 562 259 PER
587 216 628 259 V
654 215 967 259 LITTERAM.
1040 216 1350 274 Virgultorum
1387 217 1431 259 id
1464 220 1530 259 est
1570 217 1794 274 uirgarum
1828 218 1896 260 uel

147 300 355 343 Vernales
389 301 545 343 frictus
578 301 720 357 magis
754 316 883 356 quam
909 315 1002 342 uer-
1099 290 1444 332 humillimarum
1483 289 1689 331 arborum
1725 303 1895 345 genera·

205 373 318 414 nalis
355 369 700 415 consideratione
734 371 917 414 aliarum
951 387 1001 414 ex
1040 360 1277 404 VOI'UUHUS
1318 361 1524 403 SUdeIUS
1565 363 1608 402 ef*
1640 361 1780 402 malUS
1814 374 1898 401 ΕΘΓ·
1919 380 1935 405 5

206 444 478 499 temporibus
511 443 823 486 diriuationum
862 445 1002 486 dicere
1101 432 1201 474 uilis
1229 434 1340 475 unde
1368 447 1525 475 uernae
1552 432 1756 474 dicuntur
1784 431 1897 473 serui

205 516 411 558 debemus
435 519 484 558 ut
511 516 775 557 autumnalis
803 516 1003 558 hiemalis
1103 505 1176 559 (111ί
1216 505 1333 547 domi
1371 507 1611 546 nascuntur
1651 503 1840 545 uernalis
1875 518 1898 544 a

207 587 441 630 aestiualis‚
1102 591 1235 618 uerno
1269 579 1463 631 tempore
1497 575 1665 617 dicitur.

146 658 276 701 Vltro
328 659 524 714 citroque
575 659 660 701 huc
718 662 849 714 atque
899 659 1004 701 illuc
1215 682 1367 726 LAVS
1401 682 1518 725 DEO
1555 682 1723 725 AMEN

207 731 317 774 citro
351 732 403 773 ad
435 745 514 772 nos
548 730 664 773 ultro
697 730 812 773 illuc.

244 865 273 895 1.
307 859 556 895 INCIPIVNT
583 873 607 896 α
637 862 649 906 ΙΙ
686 865 718 896 2.
751 860 925 895 Vernalis
951 873 975 895 α
1009 862 1013 905 Ι
1049 860 1255 895 aliarurum
1281 862 1348 896 del.
1376 865 1409 896 et
1435 860 1596 895 aliorum
1620 872 1720 906 supr.
1748 872 1815 895 scr.
1843 861 1863 895 b
1889 860 1901 905 1,

147 923 180 957 4.
207 920 490 956 humilimarum
516 921 536 956 b
555 923 566 966 ΙΙ
587 925 618 956 5.
646 920 816 955 Vernuus
842 933 870 956 c.
897 920 1084 956 Vernulus
1111 922 1130 956 b
1151 922 1163 965 [1

494 1201 551 1248 ΙΙ.
610 1201 921 1249 PLACIDVS
961 1201 1135 1249 LIBRI
1177 1201 1556 1249 GLOSSARVM

380 1304 450 1339 Pro
478 1304 723 1340 fundamento
751 1306 809 1339 est
835 1305 914 1340 cod.
943 1304 1060 1340 Paris.
1090 1308 1216 1340 11529.
1248 1309 1364 1340 11530
1392 1316 1486 1340 saec
1509 1305 1671 1346 VHIHX

290 1365 332 1399 In
359 1367 546 1410 apparatu
573 1365 795 1400 exhibentur
821 1364 1001 1400 lectiones
1029 1365 1170 1400 codicis
1196 1365 1318 1400 Vatic.
1347 1365 1468 1400 Palat.
1498 1369 1588 1400 1773
1616 1376 1712 1400 saec.
1734 1365 1766 1399 X

147 1460 336 1505 Abcisus
350 1461 384 1519 1)
431 1466 498 1505 est
531 1463 581 1504 de
621 1462 763 1505 medio
807 1463 1005 1505 sublatus
1046 1463 1300 1506 Abstemios
1334 1463 1503 1505 sobrios

207 1538 252 1577 615
290 1537 442 1590 raptus
480 1534 592 1576 unde
626 1535 818 1577 latrones
854 1535 1006 1578 abauc-
1044 1535 1286 1577 Abstiteris
1320 1535 1440 1578 abire
1468 1535 1646 1578 sibitere
1675 1535 1790 1576 enim
1819 1550 1906 1576 am-

208 1610 326 1650 tores
360 1607 564 1650 dicuntur
1106 1607 1254 1649 bulare
1289 1607 1509 1663 significat

148 1680 217 1722 Ab
250 1680 341 1722 alto
375 1679 494 1722 caelo
995 1692 998 1693 ⁷
1045 1678 1288 1721 Abtissime
1316 1679 1537 1722 commisit
1564 1679 1783 1721 artissime
1809 1694 1906 1721 con-

147 1752 393 1794 Abdomem
420 1765 546 1806 grece
573 1750 784 1807 pinguido
813 1751 1007 1793 carnium
1106 1751 1264 1806 ligauit
1315 1751 1598 1793 commissure
1649 1751 1765 1793 enim
1810 1766 1905 1793 con-

147 1822 330 1866 Abiieus
345 1821 379 1879 2)
413 1823 527 1864 latro
1106 1822 1350 1865 iunctiones
1401 1822 1605 1865 dicuntur
1656 1823 1748 1865 siue
1799 1823 1905 1879 liga-

113 1911 129 1936 5
148 1894 389 1951 Abingassi
421 1895 658 1951 abiungere
691 1895 896 1937 asducere
1108 1893 1226 1936 mina

148 1967 398 2009 Ablundam
429 1967 600 2023 paleam
1046 1966 1184 2008 Abuti
1217 1969 1261 2008 et
1293 1967 1402 2008 bene
1435 1966 1501 2008 uti
1535 1968 1578 2008 et
1610 1966 1722 2008 male
1755 1966 1821 2008 uti
1928 1986 1960 2011 15
2001 2015 2006 2020 ,

148 2038 352 2081 Abnuere
380 2042 448 2081 est
468 2053 668 2081 recusare
696 2039 912 2095 abnegare
941 2039 1009 2081 cui
1048 2037 1186 2080 Abuti
1231 2039 1336 2080 duas
1382 2053 1450 2080 res
1503 2038 1725 2095 significat
1776 2038 1903 2080 modo

210 2112 478 2154 contrarium
516 2114 584 2153 est
629 2112 815 2153 adnuere
860 2111 904 2154 id
944 2114 1010 2153 est
1108 2113 1384 2152 contemnere
1430 2113 1473 2152 615
1523 2126 1610 2153 non
1661 2110 1726 2152 uti
1777 2111 1904 2152 modo

209 2184 309 2225 dare
341 2183 411 2225 uel
445 2184 678 2226 concedere
1107 2181 1232 2224 ualde
1265 2184 1309 2224 et
1341 2181 1446 2224 satis
1481 2181 1629 2237 aliqua
1660 2197 1705 2224 re
1738 2183 1805 2224 uti

150 2256 382 2311 Abrogant
415 2255 654 2298 adtrabunt
688 2256 758 2298 uel
792 2256 1009 2298 deducunt
1047 2254 1238 2296 Achates
1284 2254 1396 2309 lapis
1436 2257 1503 2296 est
1546 2253 1686 2295 ueluti
1731 2254 1907 2311 galbani

209 2327 278 2382 (de
305 2327 380 2382 ql.)
1108 2326 1266 2368 coloris
1319 2325 1364 2367 in
1411 2326 1538 2368 ahate
1587 2326 1721 2368 fluuio
1770 2325 1907 2380 sicilie

153 2399 354 2454 Abrupta
380 2399 548 2442 sanctio
577 2402 728 2454 aperta
755 2400 824 2441 lex
851 2397 1010 2441 dicitur
1107 2398 1345 2454 plurimum
1371 2412 1553 2440 nascens
1575 2400 1618 2440 et
1644 2397 1790 2439 ueneri
1812 2411 1908 2440 con-

98 2487 131 2511 10
151 2472 418 2513 Absolutum
440 2473 602 2513 bonum
622 2470 666 2513 id
681 2474 749 2514 est
768 2471 1010 2527 perfectum
1109 2472 1303 2513 secratus

151 2543 330 2599 Absque
364 2558 431 2585 me
465 2543 556 2586 sine
591 2559 658 2586 me
693 2544 872 2586 absente
905 2557 973 2585 me
1048 2542 1290 2585 Acecurate
1324 2541 1584 2585 contrahens

247 2686 283 2730 1)
315 2686 410 2721 inter
436 2684 471 2720 ci
496 2685 565 2731 (vel
590 2684 641 2731 oi)
667 2689 700 2721 et
726 2696 742 2719 s
767 2686 882 2721 unius
908 2685 1027 2730 apicis
1059 2685 1196 2721 Zacwna
1220 2684 1350 2721 relicta
1379 2686 1391 2729 ΙΙ
1424 2686 1459 2728 2)
1488 2688 1572 2729 post
1598 2694 1618 2718 6
1646 2687 1663 2717 l
1693 2683 1761 2718 litt.
1787 2692 1908 2716 erasa:

151 2744 320 2792 Abigeus
346 2756 439 2781 corr.
465 2746 544 2781 alia
569 2757 666 2781 man.
694 2756 826 2781 coaeva
855 2746 868 2790 ΙΙ

250 2868 280 2900 1.
306 2864 474 2900 Aborsus
498 2868 501 2908 1
524 2864 658 2899 mediis
678 2876 723 2900 ex
742 2863 888 2899 medius
909 2876 1000 2901 corr.
1025 2867 1029 2910 Ι
1053 2864 1204 2900 ablatus
1227 2865 1231 2908 1
1256 2863 1454 2898 abactores
1481 2874 1524 2897 em
1551 2861 1772 2896 abauctores
1793 2872 1885 2897 corr.

153 2929 184 2960 2.
213 2936 235 2959 a
262 2924 366 2960 caelo
398 2926 410 2970 ΙΙ
441 2929 473 2959 3.
501 2924 697 2960 Abdomen
719 2927 723 2964 Ι
746 2924 936 2970 pinguedo
968 2926 980 2970 ΙΙ
1013 2930 1044 2960 4.
1071 2922 1269 2959 Abbiieius
1301 2924 1313 2968 ΙΙ
1345 2926 1376 2959 5,
1403 2920 1609 2967 Abiugassi
1635 2933 1678 2956 eae
1703 2920 1909 2966 Abingassi

152 2997 244 3021 corr.
270 2985 282 3030 11
314 2987 442 3020 6-13,
468 2996 535 3020 om.
562 2985 639 3022 cod.
664 2985 754 3029 folio
779 2996 854 3020 ωηο
880 2986 998 3030 alesia..-
1025 2985 1163 3021 contuli
1189 2995 1270 3018 cum
1295 2983 1372 3018 cod.
1399 2981 1564 3017 Ambros.
1585 2982 1597 3026 ΙΙ
1626 2984 1680 3016 13.
1709 2980 1907 3016 abstiteres

153 3045 229 3080 cod.
256 3043 422 3080 Ambros.
463 3046 468 3087 1
510 3042 633 3078 abires
658 3043 855 3080 ibiterreni
886 3045 963 3080 cod.
990 3044 1154 3079 Ambros.
1194 3045 1205 3086 ΙΙ
1244 3046 1298 3077 17.
1328 3041 1521 3087 uelutique
1555 3042 1560 3087 Ι
1596 3040 1726 3076 albani
1758 3053 1802 3077 m.
1826 3045 1859 3086 1,
1884 3053 1909 3086 g

154 3104 277 3140 littera
298 3107 424 3149 'postea
448 3114 630 3149 suprascr.
656 3116 701 3139 m.
723 3108 748 3141 2
772 3104 776 3150 Ι
801 3104 935 3139 achate
954 3106 966 3149 11
993 3107 1048 3139 18.
1074 3103 1269 3149 Augurare
1289 3105 1300 3148 ΙΙ
