2221 3490
721 153 853 188 SPEOI
861 153 888 187 M
896 152 963 187 EN
989 152 1174 188 CODICIS
1202 152 1507 188 AMBROSIAM

238 262 494 318 Subregeris
530 262 764 305 subieceris

236 335 423 377 Curione
457 335 531 391 qui
564 343 712 377 curam
745 335 858 390 gerit

234 407 454 449 Editionis
482 407 792 462 publicationis
813 406 1089 461 propositure

236 478 456 534 Auspiciis
490 478 564 534 qui
604 493 704 521 aues
744 479 984 534 inspiciunt
1022 479 1090 520 uel

294 551 488 593 homines
522 550 752 592 obuiantes

200 633 215 657 5
235 622 459 664 Thiesteas
493 622 877 665 commessationes

236 694 450 749 Oethepia
477 694 642 736 coitum
669 693 824 735 matris
852 695 895 734 et
928 693 1091 734 sororis

294 765 407 807 sicut
433 765 648 807 manichei
675 765 719 806 in
743 765 927 807 occultis
955 765 997 806 id
1025 768 1092 806 est

293 837 338 878 in
371 837 541 879 occulta
573 837 668 879 loca
702 837 917 878 idolorum

232 908 401 951 Puncto
459 908 671 951 foramine
723 909 769 950 in
821 924 904 964 quo
962 909 1092 963 pedes

292 980 541 1023 uinctorum
568 981 613 1022 in
644 980 766 1037 ligno
793 983 998 1022 tenentur
1025 995 1092 1022 cu-

295 1052 420 1094 bitali
479 1053 621 1109 spatio
685 1052 916 1095 interiecto
980 1052 1093 1093 inter

291 1125 465 1167 uinctos

232 1196 463 1239 Munerum
519 1197 670 1240 diebus
728 1197 1090 1239 remunerationis

292 1269 482 1311 militum

64 1349 126 1383 fol.
138 1352 221 1384 125¹·
234 1341 408 1396 Harene
441 1341 602 1384 theatri

181 1423 211 1448 1⁰
232 1414 398 1455 Genere
430 1413 516 1455 frix
549 1414 599 1456 de
631 1414 764 1471 frigia
796 1415 974 1457 ciuitate

232 1485 367 1542 Legio
401 1500 474 1528 sex
506 1486 627 1528 milia

232 1557 497 1601 Oeteriorem
530 1558 784 1601 ulteriorem

230 1629 477 1672 Bachantes
511 1631 699 1686 turpiter
731 1631 927 1673 ludentes

232 1701 402 1744 Solaria
435 1703 556 1744 sedes
590 1703 660 1744 uel
692 1703 789 1745 loca
821 1704 909 1745 alta

180 1782 211 1806 15
231 1773 489 1816 Metafrasin
522 1774 826 1830 interpretatio

232 1845 387 1887 Oraria
420 1861 599 1901 mappas
632 1846 701 1888 uel
734 1846 991 1888 linteamina

233 1917 334 1960 Sine
390 1918 528 1961 factas
583 1919 762 1974 pudicas
825 1918 894 1960 uel
957 1920 1089 1961 absti-

290 1993 442 2032 nentes

231 2061 453 2117 Vngulam
486 2063 649 2104 ferrum
678 2078 859 2106 curuum
886 2067 935 2105 ut
962 2064 1088 2119 digiti

231 2133 406 2175 Trocles
440 2135 549 2176 rotis
584 2135 765 2177 modicis

177 2204 280 2246 20111
313 2205 473 2249 aculeis
508 2207 553 2249 in
580 2207 706 2250 ferris
740 2207 861 2263 ligno
895 2209 940 2249 in
972 2211 1090 2251 terra

288 2278 434 2333 posito
468 2279 612 2321 infixis
646 2282 689 2321 et
723 2280 867 2322 curuis

232 2348 385 2393 Stibiis
427 2351 646 2394 coloribus
688 2351 818 2394 stibia
863 2353 999 2407 herba
1038 2354 1088 2396 de

290 2437 374 2477 quo
408 2423 567 2466 dicitnr

229 2493 559 2537 inextricabiles
592 2494 991 2539 inexterminabiles

227 2565 420 2608 Adortus
454 2566 665 2622 incipiens
699 2569 889 2610 exortari

229 2636 490 2693 Suppuratis
531 2639 700 2681 insania
732 2640 906 2682 fluentis
943 2641 986 2683 id
1019 2645 1087 2684 est

285 2710 530 2764 purulentis

172 2790 206 2816 25
226 2779 337 2822 Thia
368 2784 602 2824 matertera

227 2851 486 2907 Metropolis
520 2856 660 2896 mater
693 2854 923 2897 ciuitatum

227 2923 416 2979 Compos
450 2926 668 2981 particeps

224 2995 387 3039 Loculo
421 3012 523 3039 uase
555 2997 702 3053 ligneo

225 3067 409 3123 Asylum
424 3068 544 3111 locus
561 3068 717 3125 refugii
735 3068 750 3115 (
755 3084 782 3126 g
796 3085 926 3127 supra
936 3074 1082 3129 addit.)

286 3142 461 3182 sanctus

1905 151 1991 193 427

1132 263 1317 318 Asylum
1345 278 1369 304 a
1389 263 1558 305 romulo
1586 263 1775 318 primum
1801 262 1844 303 in
1868 277 1989 304 roma
2011 274 2045 298 30

1192 337 1492 377 constructum
1525 336 1619 376 erat

1136 406 1318 462 Asylum
1368 406 1684 462 interpretatur
1739 406 1990 462 inpunitum

1190 477 1224 535 (i
1256 492 1385 532 supra
1416 476 1529 533 add.)
1565 479 1667 533 quia
1698 478 1733 519 si
1768 479 1863 533 quis
1892 493 1990 520 reus

1192 549 1438 606 confugerit
1466 550 1518 591 ad
1550 550 1658 591 illud
1687 550 1896 605 templum
1931 551 1990 592 ,in-

1190 636 1304 677 pune
1337 621 1518 663 euadere
1557 622 1682 663 licuit
1715 625 1758 663 et
1797 622 1892 663 ideo
1928 638 1989 675 cg:-

1192 697 1285 735 tera
1317 694 1482 748 templa
1509 693 1688 734 abusiue
1717 694 1886 748 asylum
1918 708 1990 735 no-

1191 765 1413 806 minantur
1984 767 1987 771 '

1131 836 1199 878 Ad
1232 836 1481 878 uaticanum
1514 837 1589 878 ubi
1622 840 1744 878 uates
1783 837 1990 878 sedebant

1192 911 1235 951 et
1269 908 1480 963 templum
1521 908 1711 950 uaticani
1735 943 1742 949 .
1763 910 1990 951 uaticanus

1192 981 1306 1023 enim
1333 981 1437 1022 deus
1467 981 1579 1035 apud
1607 996 1704 1022 eum
1732 981 1889 1022 dicitur
1917 982 1989 1035 qui

1191 1053 1344 1109 uagitu
1378 1067 1425 1094 os
1458 1051 1639 1094 infantis
1673 1053 1814 1107 aperit

1133 1124 1268 1166 Gesta
1301 1124 1466 1179 scripta

1133 1196 1394 1239 Conibentia
1428 1211 1663 1238 consensus

1131 1269 1278 1311 Ludus
1298 1269 1548 1311 litterarum
1567 1269 1686 1311 scola
1705 1268 1988 1324 paruulorum
2010 1278 2042 1302 35

1190 1341 1430 1397 legentium

1131 1414 1417 1470 Pedessequis
1451 1413 1678 1456 conuiator

1130 1487 1363 1529 Nouellam
1396 1502 1553 1528 nouam
1587 1485 1844 1527 diminutiue

1131 1560 1408 1603 Cunabulum
1440 1573 1517 1600 uas
1551 1558 1595 1599 in
1628 1572 1713 1612 quo
1754 1557 1896 1600 iacent
1929 1557 1988 1598 in-

1188 1631 1330 1673 fantes

1130 1704 1214 1745 Vix
1247 1704 1400 1746 statim

1129 1776 1360 1831 Bipinnem
1394 1773 1458 1832 (pi
1485 1790 1532 1818 (w
1558 1791 1610 1830 pe
1637 1774 1759 1830 corr.)
1793 1790 1986 1817 securem
2008 1790 2042 1812 -ω

1190 1848 1256 1889 bis
1289 1851 1460 1890 acutam

1127 1920 1297 1962 Exedre
1343 1920 1521 1962 scabelli
1563 1920 1740 1962 adcibos
1778 1919 1847 1960 uel
1890 1919 1986 1960 sub-

1188 1991 1301 2034 sellii

1129 2065 1379 2107 Pastoforia
1411 2064 1579 2106 modice
1612 2064 1764 2105 domus

1128 2136 1294 2178 Fucum
1328 2136 1518 2178 colorem

1127 2206 1377 2250 Martirium
1410 2208 1629 2250 modicum
1662 2208 1902 2250 oratorium

1129 2279 1434 2323 Coementaria
1465 2280 1698 2323 aecclesiae
2007 2295 2039 2319 15

1128 2352 1315 2395 Cessura
1348 2355 1520 2396 sectura

1128 2423 1364 2467 Concidere
1397 2425 1584 2468 incidere

1127 2497 1299 2540 Vexilla
1331 2500 1374 2540 et
1406 2497 1577 2539 labrum
1610 2498 1725 2540 idem
1758 2501 1860 2540 sunt

1127 2569 1340 2613 Calonum
1358 2584 1517 2612 nomen
1539 2569 1682 2625 gentis
1705 2585 1801 2612 cum
1823 2571 1983 2613 francis

1126 2640 1338 2684 Colonum
1371 2641 1561 2684 militum
1594 2643 1664 2684 uel
1697 2658 1870 2685 seruum
2004 2655 2038 2679 50

1123 2713 1393 2756 Lanionibus
1416 2714 1490 2768 qui
1510 2715 1706 2757 ueruices
1732 2715 1801 2757 uel
1828 2730 1983 2769 porcos

1183 2785 1380 2827 incidunt
1411 2786 1690 2828 membratim
1717 2790 1760 2828 et
1790 2787 1984 2828 uendunt

1124 2857 1355 2901 Codiffibus
1381 2857 1514 2914 lignis
1542 2858 1585 2900 in
1607 2859 1764 2913 quibus
1786 2858 1983 2901 incidunt

1184 2930 1352 2972 codices

1122 3001 1301 3057 lugeres
1333 3001 1461 3043 unius
1495 3002 1579 3043 diei
1613 3017 1720 3057 opus
1753 3003 1939 3045 aratoris

1122 3073 1276 3115 Fessat
1312 3073 1481 3115 desinat

1124 3144 1328 3187 Subnixis
1363 3145 1605 3188 subiunctis
1999 3156 2032 3181 55
