2175 3428
684 117 941 153 EXCERPTA
967 118 1030 153 EX
1056 119 1200 154 LIBRO
1227 119 1517 156 GLOSSARVM

226 225 386 268 Scaber
418 241 544 282 asper
576 228 805 270 scabrosus

225 296 373 340 Scafer
404 298 522 341 tofus
555 299 768 355 inequalis

225 368 388 412 Scabra
432 373 609 413 uetusta
652 370 854 427 uirgilius
894 386 944 412 ex
984 386 1079 413 sesa

281 442 450 484 inuenit
483 443 637 484 scabra
668 442 897 498 rubiginae
930 443 1019 497 pila

224 512 466 556 Scabrones
516 528 647 569 uespe
703 513 903 569 longiora
953 529 1079 556 crura

280 585 489 627 habentia

185 656 349 699 5Scala
393 656 693 699 abscandendo
738 657 782 698 id
824 660 891 698 est
935 671 1079 699 ascen-

122 720 125 722 *
281 728 417 770 dendo
468 731 625 771 uocata
669 731 791 770 erent
842 728 958 770 enim
1007 743 1078 783 pa-

279 799 508 855 rietibusl)

222 869 493 913 Scandaebat
520 872 782 915 ascendebat
808 874 857 913 ut
878 874 944 913 est
969 871 1078 913 illud

281 943 516 986 scandebat
559 959 684 986 roseo
729 944 859 986 medii
900 943 1080 999 fastigia

279 1015 361 1069 celi
393 1016 497 1058 luna
527 1015 629 1072 iugo

221 1084 400 1128 Scandit
439 1087 634 1130 ascendit
671 1087 873 1143 uirgilius
908 1087 1078 1130 scandit
1109 1119 1112 1121 -

278 1157 428 1200 fatalis
443 1159 644 1202 machina
658 1174 804 1202 muros
819 1159 933 1201 freta
945 1159 1077 1201 armis

219 1227 386 1285 Scaphe
430 1231 561 1273 barca
605 1232 778 1274 alueum
824 1246 908 1286 quo
951 1231 1077 1286 panis

278 1305 522 1344 maceratur
555 1317 679 1360 grece

220 1371 440 1415 Scatebris
514 1375 878 1431 scaturriginibus
948 1375 1079 1417 scatit

278 1445 393 1487 enim
414 1461 526 1501 aqua
546 1447 648 1489 dum
675 1447 721 1489 in
747 1447 861 1490 sicco
883 1450 928 1489 et
955 1447 1075 1490 arido

279 1517 403 1572 quasi
446 1518 577 1560 bullit
621 1519 704 1561 1100
746 1519 852 1562 facit
891 1522 935 1562 et
979 1535 1077 1562 cum

276 1589 466 1644 erumpit
491 1590 614 1633 uenis
641 1593 684 1632 et
711 1606 808 1633 cum
836 1591 960 1634 auide
987 1606 1076 1634 sor-

275 1661 403 1703 betur
435 1664 652 1717 temperat
684 1663 872 1705 rusticus
907 1664 1076 1706 scilicet

276 1733 486 1776 scatebris
525 1734 621 1776 ideo
655 1737 827 1777 excetra
858 1735 976 1778 dicta
1008 1737 1075 1777 est

275 1805 383 1859 ydra
416 1805 531 1860 quod
563 1809 751 1848 scateret
789 1821 997 1861 percussa
1028 1807 1074 1848 in

277 1877 601 1919 multitudinem
634 1878 835 1934 kapitum
863 1879 923 1921 sic
956 1878 1075 1934 plau-

277 1952 349 1990 tus
389 1949 630 1992 multorum
668 1950 845 2005 penium
887 1944 1076 2006 recepta-

275 2019 428 2062 tricem
461 2021 531 2062 uel
570 2021 729 2063 malam
770 2022 974 2065 ancillam
1008 2037 1075 2065 ex-

275 2094 439 2134 cetram
449 2093 562 2147 quod
575 2094 628 2135 ab
641 2108 690 2135 ea
700 2108 867 2136 uenena
879 2097 1075 2137 scateant

162 2179 196 2204 10
217 2162 351 2206 Sceda
384 2167 505 2206 carta
537 2166 702 2220 scripta
733 2181 811 2221 per
843 2166 937 2208 sola
969 2181 988 2208 s

215 2233 353 2278 Scena
397 2236 527 2278 teatri
564 2253 665 2293 pars
704 2253 874 2280 summa
913 2238 1073 2280 dicitur

274 2322 402 2350 scena
434 2308 487 2349 ab
521 2309 752 2352 altitudine
785 2309 903 2351 aedis

216 2377 420 2422 Scenicus
443 2379 516 2435 qui
536 2380 582 2421 in
602 2382 744 2423 teatro
766 2381 859 2437 agit
880 2384 1071 2424 teatrum

274 2451 388 2492 enim
421 2466 548 2494 scena
580 2455 647 2494 est

215 2521 515 2579 Scenopliegia
535 2523 625 2565 dies
652 2523 754 2566 festi
776 2525 934 2579 quibus
955 2524 1070 2567 iudei

272 2609 392 2636 casas
425 2594 590 2637 faciunt

214 2664 342 2708 Scida
374 2669 492 2709 secta

1889 121 1973 162 ‘243

1119 228 1306 272 Scinifos
1340 230 1531 285 cupudos
1565 244 1690 286 grece
1993 248 2024 272 ιε,

1119 300 1372 344 Scinidonta
1404 302 1554 344 dentes
1581 301 1774 356 duplices
1806 301 1970 343 habens

1176 373 1325 415 dentes

1118 443 1319 486 Scintilla
1352 445 1579 487 minimum
1611 444 1791 501 igniculi
1826 458 1971 485 semen

1118 514 1293 557 Scholia
1325 516 1439 558 idem
1471 520 1515 558 et
1547 520 1749 572 excerpta

1117 585 1287 628 Sconna
1320 602 1501 642 spansus

1117 656 1346 700 Scordalus
1380 660 1502 701 ferox
1991 680 2025 705 20

1118 727 1269 771 Scoria
1301 730 1448 773 sordes
1482 732 1742 773 metalorum

1120 799 1270 843 Scoria
1302 801 1445 843 scuria
1477 804 1591 858 quod
1624 804 1674 845 de
1707 804 1822 845 ferro
1857 803 1972 846 cadit

1119 870 1273 914 Scorta
1305 874 1511 916 meretrix

1119 942 1288 986 Scratte
1322 943 1566 1003 despecte2)
1600 948 1853 1003 enugatorie

1118 1014 1271 1058 Scriba
1303 1016 1508 1060 librarius
1542 1019 1657 1073 quod
1695 1020 1887 1075 pertinet
1918 1021 1971 1062 ad
1992 1040 2025 1066 25

1175 1088 1312 1131 libros
1346 1091 1390 1130 et
1422 1092 1564 1132 cartas
1596 1092 1844 1146 publicatus

1117 1158 1353 1203 Scrobibus
1394 1162 1569 1204 scrobes
1608 1167 1710 1205 sunt
1751 1163 1866 1206 fosse
1899 1165 1971 1206 ubi

1175 1232 1280 1274 uitis
1315 1236 1537 1287 ponuntur

1119 1302 1385 1346 Scrobonem
1427 1304 1609 1349 lucanus
1654 1307 1862 1351 feminino
1905 1323 1974 1365 ge-

1175 1390 1276 1417 nere
1309 1376 1420 1418 dixit
1453 1381 1626 1421 secutus
1658 1383 1839 1434 paritum

1118 1445 1276 1489 Scurra
1295 1448 1447 1491 inrisio
1470 1464 1573 1506 ergo
1595 1466 1844 1494 scurroneni
1858 1449 1890 1508 3)
1913 1452 1973 1494 in-

1175 1519 1358 1562 risorem
1392 1521 1575 1565 dicimus

1117 1590 1275 1634 Scurra
1326 1594 1450 1648 quasi
1500 1596 1719 1650 parasitus
1773 1600 1972 1653 publicus

1176 1664 1250 1719 qui
1281 1680 1369 1707 non
1401 1666 1562 1710 deserit
1595 1683 1718 1711 cecus
1751 1670 1951 1725 publicus

1115 1734 1274 1779 Scurra
1329 1740 1512 1780 uocatur
1563 1740 1637 1795 qui
1693 1756 1823 1784 causa
1876 1759 1971 1787 ecce
1992 1770 2026 1794 30

1175 1809 1421 1865 quempiam
1455 1814 1733 1855 consectatur

1115 1878 1362 1938 Scurrula4)
1395 1882 1596 1936 publicus
1629 1883 1828 1939 inportor

1115 1950 1322 1995 Sebastos
1348 1953 1667 2008 perintinorum
1693 1956 1842 2013 lingua
1869 1974 1970 2016 agu-

1173 2027 1266 2066 stus
1282 2025 1443 2067 mensis
1459 2025 1617 2069 dicitur
1638 2027 1703 2080 (ex
1718 2030 1835 2073 libris
1849 2032 1969 2089 med.)

1114 2093 1322 2138 Sebastus
1355 2101 1536 2154 agustus
1569 2114 1696 2155 grece

1112 2165 1311 2210 Sectores
1338 2169 1511 2224 proprie
1539 2171 1740 2215 dicuutur
1761 2175 1835 2229 qui
1857 2176 1970 2218 bona

1170 2239 1517 2294 proscribtorum
1569 2243 1769 2287 diuidunt
1814 2250 1858 2289 et
1909 2264 1968 2291 30-

1172 2315 1272 2353 cant

1112 2380 1274 2425 Sedilia
1298 2384 1394 2427 loca
1421 2386 1466 2427 in
1487 2387 1643 2442 quibus
1665 2390 1803 2432 sederi
1826 2394 1967 2447 possit
1987 2416 2020 2441 35

1111 2453 1269 2496 Sedulo
1304 2460 1424 2499 curet
1457 2459 1644 2502 sollicite
1678 2466 1782 2518 agat

1110 2525 1243 2582 Seges
1268 2542 1372 2584 ager
1393 2532 1459 2571 est
1486 2530 1531 2572 in
1558 2546 1642 2586 quo
1670 2534 1829 2577 seritur
1855 2538 1965 2580 unde

1167 2599 1370 2655 uirgilius
1396 2601 1472 2643 illa
1500 2617 1623 2658 seges
1650 2605 1822 2649 demum
1849 2608 1964 2650 uotis

1167 2672 1391 2727 respondit
1424 2675 1544 2716 auari
1576 2677 1768 2732 agricule

310 2809 344 2853 1)
370 2807 401 2842 ti
428 2809 514 2845 add.
540 2821 584 2845 m.
600 2812 624 2844 2
643 2811 654 2855 Η
674 2810 709 2855 2)
735 2808 781 2844 de
807 2821 852 2845 eoe
877 2809 915 2844 di
941 2823 986 2846 m.
1002 2813 1027 2846 2
1046 2812 1058 2857 Η
1078 2813 1114 2857 3)
1143 2823 1158 2846 3
1185 2824 1228 2847 ecc
1254 2812 1286 2848 is
1313 2824 1402 2850 corr.
1424 2817 1435 2860 Η
1455 2816 1490 2861 4)
1516 2816 1554 2851 ul
1580 2829 1624 2853 eae
1650 2818 1677 2853 il
1703 2831 1746 2854 m.
1764 2821 1786 2853 3
1806 2821 1817 2865 Η

308 2929 339 2962 1.
368 2926 521 2974 Scaber]
556 2929 693 2965 ...ber
724 2930 736 2974 Η
760 2932 792 2964 2.
820 2929 948 2965 Scafer
972 2930 1090 2977 tofus]
1124 2960 1131 2967 .
1148 2961 1155 2967 .
1173 2961 1178 2967 .
1197 2961 1202 2967 .
1218 2932 1336 2967 rtofus
1356 2934 1368 2978 Η
1398 2938 1429 2969 9.
1458 2935 1624 2980 capitum
1650 2938 1661 2982 Η
1689 2941 1742 2974 15.
1771 2939 1925 2984 cupidos
1950 2942 1962 2988 Η

214 2989 268 3022 17,
289 2985 446 3032 igniculi
466 2999 511 3023 ex
529 2987 705 3033 igniculis
725 3000 816 3025 corr.
837 2990 849 3035 Η
870 2993 923 3026 19.
946 3001 1103 3036 sponsus
1123 2993 1135 3036 Η
1155 2995 1209 3026 21.
1232 2992 1469 3028 metallorum
1489 2996 1500 3040 Η
1521 2999 1576 3046 22¹.
1604 2997 1715 3032 cadet
1733 3000 1744 3042 Η
1765 3001 1820 3035 28.
1846 2999 1960 3035 iscur-

211 3056 338 3080 ronem
364 3048 376 3091 Η
401 3049 456 3082 29.
484 3058 596 3082 cenas
620 3052 623 3090 Ι
645 3048 818 3093 pubh'eas
842 3051 854 3094 Η
886 3053 942 3086 32.
969 3049 1200 3095 perintorum
1226 3053 1238 3095 Η
1264 3055 1319 3086 33.
1347 3052 1524 3089 Sebastos
1553 3057 1564 3100 Η
1596 3060 1651 3092 34.
1680 3060 1811 3093 secant
1835 3071 1879 3095 ca:
1905 3072 1960 3095 30-

211 3106 302 3139 cunt
321 3116 411 3141 corr.
433 3107 445 3151 Η
465 3110 518 3142 35.
540 3107 655 3152 loqua
673 3110 685 3154 Η
705 3111 760 3143 36.
783 3108 943 3144 sollicite
957 3121 974 3146 e
987 3121 1078 3146 corr.
1099 3111 1111 3154 Η
1131 3113 1187 3146 37.
1202 3109 1271 3144 1110
1292 3113 1298 3156 Ι
1321 3113 1427 3148 auari
1442 3125 1486 3150 ωε
1500 3126 1592 3150 auar
1605 3128 1695 3153 corr.
1720 3119 1724 3164 l
1747 3118 1831 3155 isid.
1847 3121 1922 3156 cod.
1949 3122 1962 3168 Η

1600 3175 1672 3210 16³²
