2221 3490
236 158 322 198 634

236 266 484 308 Enuclatim
519 265 630 306 clare
665 261 921 303 manifestae

234 339 500 380 Enormatus
534 338 676 376 tersus

233 409 459 451 Ensicium
493 421 518 448 a
550 405 736 447 secundo
769 404 839 445 uel
873 403 1051 445 absente

234 481 448 535 Epicroca
481 477 700 533 perlucida
731 476 994 517 uestimenta

168 549 465 606 '5Epimenia
515 549 634 590 senia
681 563 761 603 que
809 548 966 588 dantur
1017 560 1093 600 per

294 622 490 678 singulos
524 634 697 662 mensus

233 694 448 750 Equidem
480 707 560 747 ego
596 691 770 746 quidem

234 767 470 821 Equitatus
503 763 795 806 numerositas
828 761 1024 817 equitum

234 836 417 879 Erranei
451 839 643 878 errantes

235 910 482 951 Eruderans
515 921 707 962 purgans
742 906 897 947 rudera

183 995 215 1018 10
235 980 498 1024 Erciscunde
533 978 767 1020 deuidende

234 1054 348 1095 Esus
386 1050 664 1094 manducatio

234 1125 343 1168 Esui
376 1122 702 1166 manducationi

234 1197 396 1239 Enmse
435 1210 533 1237 eum

236 1268 464 1324 Euestigio
498 1266 611 1308 exim
645 1264 795 1307 statim

185 1353 217 1377 15
237 1339 405 1382 Exodio
441 1339 584 1380 cantio
616 1337 662 1378 in
695 1336 880 1377 theatris
914 1334 1082 1377 ludicra

236 1412 476 1454 Exadituat
509 1408 698 1452 excludit
730 1408 783 1449 ab
818 1407 947 1449 aditis

235 1483 304 1525 Ex
336 1483 513 1538 plicitus
547 1479 771 1535 expeditus

237 1555 473 1596 Exulcerat
507 1551 760 1594 excomedat
793 1551 1010 1593 consumit

237 1625 444 1668 Excelare
479 1640 575 1666 cum
607 1639 740 1666 uxore
768 1638 860 1665 esse
893 1623 939 1664 in
970 1623 1096 1664 liber-

297 1699 387 1738 tate

185 1783 219 1808 20
238 1769 369 1812 Exim
402 1768 608 1810 continuo

238 1841 501 1896 Exceptoria
534 1841 749 1882 cisternae

238 1911 524 1955 Exaniclandi
557 1911 790 1968 peragendi

238 1985 475 2027 Extruncis
509 1984 638 2026 arbor
671 1985 873 2025 truncata

240 2056 492 2098 Exanclasti
527 2054 735 2097 exausisti

186 2214 220 2238 25
240 2200 275 2242 F
280 2201 392 2242 arier
424 2199 507 2241 fari
539 2213 716 2240 narrare

239 2271 431 2313 Falcitat
463 2273 590 2326 putat
624 2273 742 2312 secat
774 2269 953 2311 estimat

241 2342 469 2384 Factorem
502 2342 817 2384 insinuatorem

241 2414 441 2456 Fariolus
491 2414 607 2455 uatis
655 2413 728 2468 qui
775 2412 936 2454 ariolus
987 2413 1099 2454 unde

302 2485 404 2540 hysa
438 2487 598 2527 uocant

243 2556 490 2599 Familiaris
524 2556 766 2598 inuoluitur
811 2556 980 2598 actibus
1029 2556 1099 2597 do-

304 2628 497 2670 mesticis
532 2627 756 2683 obligatur

188 2714 222 2738 30
244 2699 578 2756 Famigerabilis
611 2699 724 2741 fame
758 2699 1018 2755 deuolgatur

242 2771 472 2813 Falsosum
530 2771 692 2813 circum
748 2774 979 2813 uentosum
1031 2771 1100 2812 de-

304 2846 454 2897 ceptor

245 2915 492 2957 Fabulones
525 2914 774 2956 fabularum
807 2915 1057 2956 inuentores

247 2987 466 3028 Fabonius
500 2987 632 3028 etiam
672 2987 830 3029 dicitur
870 2985 1004 3027 solius
1026 2999 1101 3025 ra-

306 3059 401 3099 dius
429 3058 502 3112 qui
527 3073 854 3113 nonnumquam
882 3058 958 3098 aut
983 3056 1100 3097 uitro

307 3132 382 3170 aut
403 3132 583 3184 argento
610 3143 815 3184 percusso
836 3127 993 3185 uagiea
1018 3130 1102 3169 tre-

657 151 912 188 EXCERPTA
938 151 1003 185 EX
1029 148 1202 185 CODICE
1229 147 1454 183 LEIDENSI
1481 146 1562 181 67E

1189 258 1296 299 muli
1347 255 1531 312 fulgoris
1584 255 1727 297 emula
1771 255 1985 297 claritatis

1189 329 1436 384 resplendet

1131 401 1333 443 Fertores
1389 400 1626 442 fei-olibant
1683 399 1729 440 in
1779 398 1987 440 ferociam

1190 472 1345 513 bibant

1131 543 1364 585 Ficticium
1397 543 1616 585 cot-tinum

1132 615 1385 657 Flamonius
1421 615 1552 656 homo
1586 614 1659 668 qui
1693 614 1822 656 datur
1853 612 1989 654 flami-

2007 552 2042 578 35

1191 687 1319 728 nibus

1130 758 1509 814 Fleminasanguis
1543 758 1588 799 in
1620 757 1766 799 neruis
1798 756 1964 798 difusus

1132 831 1410 873 Flamonium
1442 829 1724 884 ponteficales
1752 832 1857 884 aput
1890 842 1989 884 gen-

1191 903 1290 944 tiles
1313 902 1452 944 honor
1468 916 1552 957 quo
1570 901 1643 956 qui
1663 900 1838 943 functus
1855 899 1989 941 fuerit

1193 974 1359 1029 apicem
1394 974 1565 1015 obtenit
1593 972 1821 1028 dignitatis
1855 974 1898 1013 et
1930 971 1989 1012 di-

1193 1046 1306 1088 citur
1338 1044 1573 1087 fluminalis

1133 1118 1293 1160 Forum
1333 1117 1420 1172 apii
1455 1117 1569 1172 quod
1609 1115 1800 1158 condidit
1836 1114 1990 1169 appius

1194 1191 1370 1231 senatur

1134 1262 1296 1303 Forum
1347 1261 1530 1302 boarum
1581 1260 1656 1301 ubi
1710 1259 1844 1300 boues
1893 1272 1991 1299 uen·
2010 1268 2045 1293 40

1194 1334 1352 1375 duntur

1134 1406 1318 1447 Fortum
1346 1419 1482 1460 genus
1507 1403 1630 1459 panis
1654 1403 1706 1444 ad
1729 1401 1990 1444 sacrificium

1134 1477 1307 1519 Fratria
1337 1476 1487 1518 fratris
1519 1490 1629 1516 uxor
1662 1476 1849 1528 cognata

1135 1548 1318 1590 Framea
1375 1548 1545 1604 gladius
1596 1546 1847 1588 uersatilius
1899 1545 1991 1586 siue

1195 1621 1344 1662 lancea
1378 1633 1759 1661 armorecanorum

1135 1692 1168 1734 F
1174 1692 1344 1733 runitus
1383 1691 1549 1733 fructus
1589 1705 1677 1731 non
1708 1692 1774 1731 est
1805 1689 1992 1730 latinum

1134 1763 1336 1805 Friuolus
1368 1763 1496 1805 fictus
1531 1762 1715 1804 mendax
1748 1775 1907 1815 paruus
2012 1769 2045 1795 45

1135 1836 1323 1877 Fruersa
1355 1835 1457 1877 faba

1134 1907 1413 1950 Fronducula
1447 1921 1528 1961 que
1563 1921 1614 1947 ex
1646 1904 1874 1947 frondibus
1909 1919 1994 1946 am-

1194 1982 1405 2035 putantur

1136 2052 1319 2094 Framea
1333 2050 1503 2106 gladius
1512 2052 1695 2103 utraque
1707 2065 1758 2104 pu
1765 2051 1830 2090 rte
1841 2051 1994 2091 acutus

1134 2122 1394 2165 Furnicibus
1428 2121 1613 2163 arcubus
1653 2119 1993 2174 triumphalibus

1195 2195 1265 2236 uel
1299 2194 1413 2236 saxis
1445 2192 1563 2235 cauis

1137 2266 1439 2309 Funeraticius
1472 2265 1592 2306 locus

1139 2339 1319 2381 Furiata
1351 2339 1494 2378 mente
1528 2336 1681 2377 insano
1716 2335 1860 2377 animo

2010 2270 2046 2296 δυ

1138 2410 1355 2465 Fungitur
1387 2410 1514 2463 parat
1548 2407 1771 2448 ministrat

1138 2480 1472 2523 Furfuraoulum
1503 2479 1682 2520 tenebre
1715 2477 1852 2519 seruit

1138 2553 1321 2595 Funalia
1338 2551 1512 2594 candele
1527 2551 1597 2592 uel
1617 2549 1765 2592 uncini
1780 2549 1832 2590 ad
1848 2563 1993 2591 cereos

1138 2624 1448 2679 Fulgoratores
1481 2621 1635 2664 rustici
1668 2621 1864 2675 arupices
2015 2629 2050 2655 55

1140 2766 1378 2823 Gargar-izo
1410 2765 1564 2808 conluo

1139 2839 1406 2881 Gennasium
1430 2837 1574 2879 locum
1595 2835 1640 2877 in
1665 2834 1832 2877 balneis
1853 2834 1993 2889 dispu-

1198 2913 1391 2952 tatorum
1424 2912 1490 2950 est
1523 2908 1597 2950 sed
1631 2907 1745 2949 scole

1140 2983 1304 3024 Gemna
1331 2982 1403 3023 des
1437 2979 1638 3022 mulieres
1674 2977 1994 3020 lucedemonice

1198 3053 1348 3108 lingua
1381 3052 1523 3108 galica

1141 3125 1369 3168 Genieium
1401 3123 1639 3166 textrinum
1673 3135 1798 3178 grece
