2175 3428
642 116 898 153 EXCERPTA
923 117 988 152 EX
1012 116 1157 153 LIBRO
1185 115 1475 152 GLOSSARVM

182 228 450 283 Lepusculus
482 228 745 283 lepuscellus

187 299 326 355 Lepus
377 299 538 342 animal
588 299 791 341 timidum
835 299 989 341 lemeal
1007 297 1038 356 ¹)

245 386 425 414 uescens
453 375 497 414 et
523 371 569 413 in
601 387 728 413 suum
761 371 951 414 colorem
977 385 1038 413 re-

243 443 362 485 diens

182 514 452 570 Lepusculus
466 517 667 558 timidum
681 515 841 558 animal
852 515 898 556 in
910 515 1039 557 terris

242 587 287 629 in
319 588 430 629 mari
468 587 744 631 formidabile
778 587 1039 642 citametque

241 674 328 701 non
379 659 505 702 facile
555 660 696 715 possit
746 658 905 702 auferri
951 673 1040 701 cor-

242 731 460 786 ruptelam
491 731 661 773 inbehit

182 801 290 844 Leta
323 805 518 845 armenta
555 802 735 859 pinguia
767 805 817 845 ut
856 817 952 845 ecce
985 803 1041 844 le-

241 874 345 916 tabo
377 889 451 916 um
482 875 647 931 passim

146 957 162 984 5
183 945 345 988 Letalis
379 947 544 990 arundo
578 948 834 990 arundinem
866 962 944 1002 pro
979 962 1041 989 sa-

241 1018 355 1073 gitta
399 1019 506 1061 dicit
548 1020 649 1076 quia
693 1019 939 1075 cupidinem
978 1008 1071 1061 sas

242 1089 377 1146 gittas
411 1091 614 1134 dicebant
646 1107 844 1134 amorum
879 1092 1040 1133 habere

240 1162 391 1219 pagini
437 1164 548 1206 unde
592 1164 737 1206 letalis
784 1163 947 1206 arundo
998 1163 1041 1204 id

242 1237 308 1276 est
341 1249 462 1277 amor
494 1249 630 1291 usque
663 1236 715 1277 ad
749 1238 937 1278 mortem

182 1305 399 1361 Letosque
438 1308 619 1350 sacrabo
661 1308 881 1363 significat
921 1307 1041 1362 quin-

241 1378 379 1421 decim
400 1378 521 1421 uiros
543 1394 652 1434 quos
675 1382 888 1436 augustus
916 1379 1041 1421 libris

242 1450 446 1492 sibillinis
479 1451 689 1507 praefecit
722 1449 844 1508 (Cic.)

182 1521 348 1565 Leucas
379 1523 560 1565 lucanus
588 1538 742 1578 aspera
770 1522 922 1565 classis
955 1522 1042 1564 leu-

242 1609 314 1637 cas
359 1595 519 1637 bellum
562 1595 716 1637 nauale
756 1595 870 1650 quod
915 1610 1041 1638 eneas

243 1681 340 1709 cum
373 1667 552 1710 antonio
585 1667 724 1724 gessit
748 1667 861 1709 unde
888 1669 932 1709 et
957 1667 1043 1709 uir-

245 1739 378 1795 gilius
411 1739 577 1781 feruere
604 1739 819 1781 lancatem
846 1739 956 1781 lenis
982 1739 1043 1780 in-

243 1809 391 1864 barbis
426 1808 543 1867 (θυι.)

183 1881 353 1939 Leugas
399 1882 505 1939 galli
543 1884 703 1924 uocant
745 1883 863 1938 greci
903 1882 1044 1924 stadia

242 1969 322 1996 nos
356 1954 479 1996 milia
512 1953 695 1997 dicimus
728 1951 844 2010 (θυι.)

184 2025 335 2082 Leuga
366 2025 519 2068 finitur
544 2025 748 2081 passibus
776 2026 894 2068 mille
922 2026 1042 2081 quin-

246 2098 391 2154 gentis
425 2095 542 2155 (θυι.)

133 2182 165 2206 10
185 2169 318 2212 Leuia
350 2170 466 2212 lenia
497 2173 547 2212 ut
580 2156 765 2212 don'atus
800 2167 917 2227 (θυι.)

188 2241 442 2284 Leuidensis
481 2241 617 2285 uestis
652 2242 775 2284 dicta
798 2242 912 2297 quod
945 2257 1044 2284 raro

247 2313 322 2356 filo
356 2313 393 2355 si
425 2313 582 2356 leuiter
608 2329 689 2370 que
716 2314 896 2356 densata
929 2312 1047 2372 (θυι.)
1088 2313 1315 2369 Libripens
1349 2316 1560 2357 stateram
1587 2316 1739 2356 tenens
1768 2317 1843 2356 aut
1870 2329 1942 2355 an·
1963 2324 1978 2348 3

186 2385 423 2441 Leuigabis
444 2385 591 2427 liniuis
607 2386 677 2428 uel
692 2386 916 2429 dealbabis
930 2384 1045 2443 (θυι.)

185 2456 398 2513 Leuigare
430 2456 592 2500 linerae
625 2455 743 2514 (θυι.)

186 2527 410 2585 Leuigatis
443 2528 698 2584 limpidatus
732 2527 848 2586 (θυι.)

135 2611 167 2636 15
186 2599 388 2656 Leuigati
420 2600 548 2655 politi
579 2600 697 2643 lenes
725 2601 869 2644 effecti
902 2599 1018 2659 (θυι.)

1846 116 1930 157 217

1079 227 1338 283 Leuigatum
1370 229 1550 269 unctum
1585 224 1700 283 (θυι.)

1076 298 1290 356 Leuigato
1322 299 1528 341 lenifacto
1555 298 1624 340 uel
1651 300 1784 340 uncto
1816 295 1933 354 (om.)

1077 370 1204 412 Leuir
1236 370 1383 412 mariti
1416 370 1551 412 frater
1583 367 1698 427 (om.)

1078 441 1208 484 Leuir
1222 442 1371 484 mariti
1383 442 1519 484 frater
1529 441 1640 484 leuir
1651 441 1809 483 dicitur
1818 438 1933 498 (om.)

1078 513 1282 556 Leuitina
1315 528 1414 556 arca
1451 514 1527 556 ubi
1560 512 1722 556 mortui
1761 515 1935 568 portan-
1957 524 1989 547 20

1139 589 1210 628 tur
1243 583 1359 643 (om.)

1077 654 1451 713 Leuitonarium2)
1503 660 1570 699 est
1618 657 1837 700 colobium
1886 656 1936 697 li-

1137 744 1267 772 neum
1295 728 1387 771 sine
1414 729 1595 771 manicis
1618 730 1744 784 quale
1769 728 1936 785 egyptii

1139 801 1342 844 monachi
1374 803 1558 843 utuntur
1591 798 1705 857 (θυι.)

1080 874 1190 916 Liba
1239 874 1575 930 degustamenta
1625 872 1938 915 sacrificiorum

1138 945 1281 1001 prima
1307 945 1491 988 dicimus
1519 947 1665 986 autem
1690 944 1774 986 hoc
1799 943 1937 986 libum

1139 1021 1183 1060 et
1216 1018 1356 1073 aclipa
1387 1017 1616 1073 pluraliter
1648 1015 1764 1073 (θυι.)

1079 1089 1190 1132 Liba
1223 1090 1339 1132 dicta
1366 1104 1416 1131 eo
1445 1088 1561 1144 quod
1587 1088 1754 1130 libeant
1781 1089 1824 1129 et
1850 1086 1937 1141 pla-

1139 1164 1265 1205 ceant
1312 1162 1394 1216 liec
1446 1164 1489 1202 et
1539 1160 1738 1215 placente
1793 1159 1938 1201 dicun-

1140 1237 1212 1276 tur
1246 1232 1363 1292 (om.)

1081 1306 1269 1348 Libenos
1303 1306 1535 1348 ellerorum
1567 1305 1720 1361 lingua
1752 1303 1940 1346 marcius

1140 1379 1302 1421 mensis
1336 1378 1496 1420 dicitur
1530 1376 1647 1435 (θυι.)

1081 1450 1212 1492 Liber
1263 1453 1328 1493 est
1379 1449 1556 1492 corticis
1606 1464 1708 1505 pars
1759 1448 1994 1490 interior

1141 1523 1283 1565 dictus
1317 1538 1342 1564 a
1373 1522 1560 1565 liberato
1595 1521 1756 1564 cortice
1795 1521 1839 1562 id
1875 1524 1942 1562 est

1140 1595 1289 1637 ablato
1329 1597 1395 1637 est
1434 1594 1550 1636 enim
1595 1593 1784 1635 medium
1824 1593 1942 1647 quid-

1141 1666 1240 1708 dam
1278 1667 1392 1709 inter
1439 1665 1608 1722 lignum
1648 1668 1691 1708 et
1734 1665 1939 1708 corticem

1142 1735 1261 1795 (θυι.)

1080 1810 1287 1852 Liberum
1321 1811 1547 1854 alicotiens
1581 1810 1732 1852 uinum
1760 1809 1862 1865 quia
1894 1809 1941 1850 li-

1141 1882 1295 1924 berum
1326 1885 1497 1938 patrem
1530 1882 1681 1924 uinum
1723 1881 1942 1923 inuenisse

1141 1957 1269 2009 poete
1302 1955 1547 1997 fincxerunt
1579 1952 1695 2010 (θυι.)

1082 2025 1310 2068 Libistidis
1343 2026 1499 2069 libicae
1533 2024 1649 2083 (om.)

1082 2096 1312 2140 Libistidis
1346 2114 1444 2141 urse
1476 2097 1609 2141 libica
1636 2098 1724 2140 fere
1759 2098 1872 2140 sicut
1900 2100 1942 2139 et

1143 2170 1358 2225 scipiadas
1372 2186 1450 2226 pro
1470 2171 1577 2212 duos
1594 2169 1808 2225 sciopines
1825 2167 1941 2226 (θυι.)

1085 2241 1284 2284 Libidine
1316 2243 1502 2298 popinae
1539 2239 1656 2298 (θυι.)

1144 2388 1331 2428 testatus
1364 2386 1407 2428 id
1440 2389 1506 2429 est
1538 2388 1724 2428 testatus
1759 2383 1882 2442 (Cic.)

1082 2457 1242 2500 Libum
1275 2472 1410 2514 genus
1444 2457 1727 2500 dulciamenti
1761 2455 1902 2513 (Isia.)

1082 2530 1224 2573 Licini
1259 2531 1460 2573 candelae
1493 2528 1637 2587 (Isid.)

1082 2601 1223 2645 Licini
1255 2602 1456 2644 lucernae
1490 2599 1633 2659 (Isia.)

286 2742 321 2787 1)
347 2752 418 2786 pro
443 2742 560 2786 prior.
588 2741 602 2775 l
629 2745 714 2778 υι.2
741 2752 832 2778 corr.
859 2742 873 2777 i
897 2744 909 2788 ΙΙ
941 2744 976 2789 2)
1001 2754 1051 2778 na
1075 2755 1155 2789 sup.
1183 2754 1224 2778 or
1248 2754 1274 2778 s.
1301 2754 1369 2778 scr.
1395 2754 1440 2778 m.
1458 2746 1477 2777 1
1503 2744 1515 2787 ΙΙ

277 2876 315 2907 «2.
348 2870 444 2906 ieme
478 2871 671 2907 albescens
700 2875 712 2918 ss
744 2876 775 2907 3.
808 2872 955 2908 inuehit
986 2886 1030 2910 ex
1062 2873 1209 2909 inbehit
1240 2885 1331 2909 corr.
1371 2875 1382 2918 ΙΙ
1420 2877 1452 2909 5.
1480 2884 1649 2908 amorum
1681 2884 1724 2908 erc
1762 2877 1942 2906 a1n0?um

188 2943 280 2967 corr.
304 2933 309 2976 Ι
336 2931 479 2977 pagani
504 2943 547 2967 eoe
572 2931 703 2978 pagini
729 2943 821 2968 corr.
860 2934 870 2978 ΙΙ
909 2937 940 2968 6.
969 2933 1141 2969 sublimis
1179 2935 1191 2979 ΙΙ
1230 2937 1260 2969 7.
1288 2933 1468 2968 antonino
1491 2935 1496 2978 1
1527 2932 1716 2967 lancatem
1740 2944 1785 2967 m.
1803 2937 1836 2976 1,
1863 2931 1941 2966 leu-

188 2991 298 3025 caten
323 3002 366 3026 m.
383 2993 404 3025 3
430 2991 441 3035 ΙΙ
468 2994 522 3026 11.
551 2990 630 3026 siue
650 2992 661 3036 {1
688 2995 742 3026 12.
770 2990 898 3027 linibis
918 2994 930 3038 ΙΙ
957 2997 1010 3028 13.
1039 2993 1150 3028 linire
1169 2994 1180 3038 ΙΙ
1209 2996 1262 3028 14.
1289 2992 1499 3038 limpidatis
1520 2994 1531 3037 ΙΙ
1557 2996 1612 3027 22.
1641 2990 1905 3026 sacrifitiorum
1934 2991 1938 3037 Ι

191 3049 316 3084 acliba
340 3042 384 3084 υι.
403 3053 434 3094 1,
461 3050 533 3084 hac
558 3049 638 3085 liba
662 3063 707 3086 m.
723 3055 744 3085 3
777 3052 788 3096 ΙΙ
819 3054 875 3087 26.
904 3051 1131 3098 aliquotiens
1158 3065 1202 3088 ex
1228 3051 1425 3087 alicotiens
1452 3063 1542 3088 θοι-ι’.
1567 3053 1572 3096 l
1605 3050 1734 3086 uinum
1760 3063 1805 3087 ex
1830 3063 1946 3086 unum

190 3109 244 3144 bis
269 3120 357 3144 corr.
383 3110 388 3154 Ι
411 3109 596 3144 finxerunt
620 3111 632 3155 ΙΙ
658 3113 713 3145 28.
740 3109 820 3146 fera
842 3113 847 3157 Ι
869 3111 1055 3157 scipiones
1075 3114 1086 3157 Η
