2175 3428
176 123 262 165 252

176 234 473 275 Valimonium
507 231 684 287 sponsio
718 231 809 273 siue
841 231 1033 273 officium

176 306 316 347 Vallis
350 292 554 359 depressa
587 303 792 358 planities

180 377 376 418 Valitant
408 376 558 417 ualent
590 375 633 417 id
667 379 733 418 est
767 375 862 417 sani
895 378 997 417 sunt

176 448 524 490 Valitudinarius
618 448 692 502 qui
782 447 1032 503 frequenter

173 543 176 546 >
235 522 409 574 egrotat

139 590 214 633 5V
219 591 312 633 alus
353 592 427 646 qui
473 592 699 649 genibusl')
745 591 906 634 iunctis
947 608 1033 634 am-

122 1688 155 1713 10

123 2193 155 2218 15

233 663 357 705 bulat

178 734 355 778 Vannus
410 740 715 793 argumentum
767 739 818 779 de
868 738 1031 780 uimine

233 807 397 850 factum
436 810 480 852 in
518 811 695 852 modum
735 810 848 853 scuti
888 811 1032 853 neces-

235 881 398 923 sarium
424 885 620 937 tempore
647 882 802 924 messis
830 897 906 924 uas
936 898 1034 937 pur-

234 954 455 1008 gatorium
483 959 549 996 est
577 958 620 997 et
644 954 880 996 mundandi
904 953 1032 995 farris

233 1025 574 1068 instrumentum
612 1027 776 1083 legitur
809 1029 853 1068 et
892 1026 1033 1068 uallus

613 1098 829 1140 festuculo

234 1169 395 1213 amicta
422 1171 564 1212 uallus
598 1170 719 1212 mitis
747 1170 860 1212 iacta
892 1169 1034 1211 uentit

234 1113 363 1140 uarro
431 1099 544 1141 hanc
899 1098 1032 1153 pallio

233 1243 318 1284 lem
353 1243 405 1284 ad
444 1258 594 1285 auram
634 1257 801 1285 crassas
842 1256 950 1296 quae
984 1244 1034 1283 ut

234 1315 322 1357 fere
354 1315 452 1370 pale
486 1318 529 1357 et
561 1315 712 1357 unicos
746 1314 931 1357 cortices

178 1388 356 1430 Varicat
388 1387 584 1429 ambulat

174 1459 304 1502 Varie
311 1462 356 1501 at
389 1459 570 1501 diuertit

174 1532 356 1574 Varices
420 1546 552 1573 uenas
611 1533 835 1573 contortas
895 1531 1033 1586 adque

234 1604 384 1659 plenas

176 1675 324 1718 Vaxea
351 1675 636 1718 calciamenta
668 1676 901 1718 mulierum
932 1678 1034 1718 sunt

235 1746 395 1805 (Viry.)

174 1821 377 1863 Vbertim
408 1820 609 1862 habunde

174 1892 380 1935 Vbertim
412 1881 623 1934 afluenter

175 1964 240 2006 Ve
273 1963 519 2006 interiectio
552 1964 740 2007 dolentis
1017 2015 1021 2019 ⁸

174 2036 240 2079 Ve
279 2037 450 2092 syllaba
489 2039 555 2079 est
593 2051 702 2092 quae
741 2052 820 2092 pro
860 2037 929 2079 uel
962 2052 1035 2092 po-

234 2109 354 2150 nitur

178 2180 440 2222 Vehiculum
472 2195 622 2222 currus
656 2181 758 2222 reda
791 2195 961 2223 carrum

176 2252 490 2295 Vehiculorum
521 2253 709 2308 plurima
742 2267 902 2308 genera
932 2255 1034 2294 sunt

234 2323 276 2365 id
316 2327 382 2366 est
424 2339 594 2366 carrum
636 2325 737 2366 reda
778 2328 1032 2380 carpentum

234 2396 479 2451 plaustrum
528 2411 627 2439 cara
671 2411 849 2451 capsum
900 2397 1033 2451 pilen-

236 2471 328 2509 tum
362 2468 432 2509 uel
465 2468 728 2524 pretoritum

176 2539 426 2582 Vellificant
458 2541 669 2596 nauigant

274 2659 307 2704 1)
338 2670 363 2692 n
388 2670 432 2693 esc
458 2671 476 2693 r
500 2663 585 2695 m.2
612 2670 703 2694 corr.
733 2661 744 2704 Η

630 121 885 156 ΕΧΟΕΗΡΤΑ
912 121 975 154 Ex
1002 121 1145 157 LIBRO
1174 120 1465 157 GLOSSARVM

1073 231 1224 273 Vellus
1258 232 1357 273 lana
1383 229 1457 285 qui
1484 231 1537 272 ab
1567 231 1721 272 ouibus
1752 230 1931 272 uellitur

1078 302 1318 345 Vendibilis
1346 303 1419 358 qui
1452 302 1497 344 in
1530 302 1756 344 uenalibus
1783 302 1930 345 adstat

1131 390 1199 416 res
1234 375 1399 416 uenalis
1434 374 1667 417 uendibilis
1700 374 1859 417 dicitur

1070 446 1379 489 Ventilabrum
1440 447 1783 489 instrumentum
1843 461 1927 502 quo
1950 461 1964 485 ε

1129 520 1255 575 palea
1286 519 1524 561 uentilatur

1071 591 1251 633 Ventris
1272 592 1495 646 prolubies
1517 592 1569 633 ab
1592 591 1797 634 stercoris
1813 591 1932 633 fluxu

1131 664 1290 706 dicitur
1311 663 1531 719 proluuies
1547 667 1695 706 autem
1708 664 1779 706 uel
1795 679 1931 719 capax

1131 737 1278 778 audita
1298 736 1489 779 faucium
1509 737 1579 778 uel
1599 736 1740 778 fluxus
1761 736 1929 778 uentris

1130 808 1403 865 intellegitur
1447 824 1549 851 nam
1587 808 1728 851 omnis
1771 808 1930 850 humor

1130 881 1247 922 intra
1267 896 1423 936 corpus
1450 881 1671 936 proluuies
1699 880 1859 923 dicitur
1880 883 1931 922 ut

1131 953 1308 1008 plenose
1341 954 1506 1008 proluit
1540 968 1644 995 auro
1678 950 1800 1010 (Cic.)

1073 1025 1310 1067 Veraetum
1337 1025 1500 1067 dictum
1528 1025 1653 1080 quasi
1681 1028 1932 1067 uereactum

1132 1098 1175 1139 id
1209 1100 1275 1139 est
1306 1112 1441 1139 uerno
1475 1100 1647 1139 aratum
1681 1095 1823 1154 (Isid.)

1073 1170 1262 1212 Verrant
1306 1169 1506 1212 inuolant
1551 1173 1709 1212 uexerit
1754 1169 1933 1212 trahant

1131 1243 1309 1297 plautus
1342 1257 1470 1284 uersa
1497 1257 1697 1298 sparsum
1725 1245 1864 1284 strata
1889 1245 1933 1284 et

1134 1315 1497 1370 quemadmodum
1763 1315 1806 1356 id
1866 1317 1933 1356 est

1132 1386 1271 1428 trahis
1307 1385 1450 1444 (Ise'sl.)

1073 1458 1220 1502 Verba
1252 1459 1350 1500 infit
1382 1459 1428 1500 in
1459 1460 1594 1502 uerba
1625 1459 1873 1514 prorumpit

1074 1531 1299 1573 Verbenas
1344 1531 1519 1574 frondes
1567 1546 1686 1574 sacre
1729 1531 1931 1587 uirgilius

1131 1604 1344 1645 uerbenas
1384 1619 1466 1658 que
1506 1603 1629 1646 adole
1665 1603 1850 1659 pingues
1888 1605 1932 1645 et

1133 1676 1428 1718 masculatura
1464 1673 1657 1732 (Gccleni)

1074 1748 1274 1791 Verbene
1317 1763 1438 1790 sacre
1479 1747 1654 1790 frondes
1693 1750 1743 1789 ut
1783 1748 1932 1789 laurus

1135 1821 1230 1863 olea
1257 1820 1413 1862 mii-tus
1446 1822 1577 1875 poeta
1604 1822 1679 1862 aut
1706 1819 1812 1862 alibi
1838 1835 1931 1862 uer-

1133 1892 1242 1934 bene
1275 1891 1422 1934 inueni

1075 1964 1258 2007 Verrere
1279 1964 1451 2006 trahere
1473 1965 1645 2007 aderete
1666 1964 1782 2019 quod
1801 1964 1933 2006 uerri-

1134 2037 1280 2079 culum
1313 2037 1472 2078 dicitur

1074 2109 1308 2151 Veretrum
1339 2108 1662 2163 percussorium

1076 2181 1305 2223 Veretrum
1338 2182 1515 2235 portum
1547 2180 1696 2222 urinae

1072 2253 1230 2296 Verret
1263 2255 1415 2308 scopat
1441 2251 1643 2308 Uirgilius
1673 2252 1762 2294 ima
1787 2255 1932 2295 uerret

1131 2325 1320 2381 uestigia
1332 2325 1467 2367 cauda
1479 2324 1529 2365 de
1540 2339 1674 2366 uacca
1687 2324 1852 2367 dictum
1864 2328 1931 2367 est

1561 1314 1700 1356 uerris

1071 2396 1259 2439 Veribus
1281 2397 1419 2453 uirgis
1440 2396 1592 2438 ferreis
1614 2395 1816 2452 uirgilius
1836 2397 1929 2452 pin-

1131 2483 1299 2525 guaque
1351 2470 1395 2510 in
1441 2468 1617 2510 neribus
1665 2468 1930 2511 torrebimus

1131 2543 1229 2582 exta
1261 2540 1450 2583 colurnis

272 2770 303 2802 6.
331 2766 375 2801 de
402 2766 542 2801 uimine
568 2779 612 2802 ea:
638 2766 824 2801 (lenimine
850 2779 940 2803 corr.
971 2769 975 2811 1
1004 2766 1205 2802 messisuas
1231 2778 1276 2802 ex
1301 2777 1467 2801 messuas
1494 2777 1585 2801 corr.
1616 2768 1619 2802 l
1650 2765 1747 2800 hunc
1777 2771 1780 2804 i
1809 2766 1929 2811 pallio

175 2838 240 2861 om.
265 2826 269 2873 Ι
292 2825 397 2861 uenti
422 2826 537 2862 talem
561 2831 564 2869 Ι
589 2838 718 2862 auram
743 2839 787 2863 ex
814 2839 941 2862 aurem
967 2839 1058 2863 corr.
1082 2830 1086 2872 Ι
1110 2828 1183 2861 fert
1205 2830 1209 2872 Ι
1231 2826 1343 2872 palea
1362 2827 1373 2871 ΙΙ
1401 2829 1456 2861 11.
1484 2825 1633 2860 abunde
1654 2826 1666 2870 ΙΙ
1687 2829 1742 2861 15.
1769 2825 1861 2861 reda
1886 2838 1931 2861 ea:

176 2886 293 2921 rodda
319 2898 408 2922 corr.
447 2888 458 2931 Η
497 2890 551 2923 16,
578 2887 668 2922 reda
694 2899 738 2922 ea:
764 2887 882 2922 redda
908 2898 998 2923 corr.
1029 2888 1033 2931 Ι
1063 2898 1196 2932 capsus
1226 2889 1230 2930 1
1261 2885 1489 2931 precoritum
1526 2888 1537 2929 ΙΙ
1576 2889 1631 2920 17.
1659 2884 1862 2920 Velificant
1887 2897 1930 2920 ex

177 2945 393 2981 Vellificant
417 2958 508 2982 corr.
532 2949 537 2991 1
561 2946 666 2982 cicer.
694 2948 770 2983 cod.
797 2949 808 2991 [1
837 2950 890 2981 18.
917 2957 989 2991 que
1014 2948 1026 2991 11
1052 2950 1107 2981 21.
1134 2946 1325 2991 proluuies
1351 2958 1395 2982 ex
1420 2945 1611 2992 prolubies
1639 2957 1729 2981 corr.
1750 2947 1762 2990 ΙΙ
1791 2949 1847 2980 23.
1874 2943 1930 2978 in-

178 3005 311 3039 uolunt
336 3017 379 3040 erc
404 3005 577 3041 inuolant
597 3018 687 3042 corr.
708 3008 720 3051 ΙΙ
739 3009 796 3042 24.
823 3005 995 3052 prorupit
1014 3018 1058 3041 61·
1076 3006 1287 3052 prorumpit
1305 3017 1396 3042 corr.
1417 3008 1429 3051 ΙΙ
1449 3010 1504 3040 27.
1532 3006 1669 3040 Verere
1689 3006 1700 3050 ΙΙ
1720 3009 1775 3040 29.
1799 3003 1931 3039 urinae

179 3076 223 3099 eac
249 3064 394 3100 uirinae
420 3077 512 3101 corr.
549 3067 561 3110 ΙΙ
599 3069 655 3101 30.
681 3065 808 3101 Verrit
832 3078 876 3102 ea:
901 3066 1035 3101 Verret
1060 3078 1150 3101 corr.
1189 3068 1201 3111 ΙΙ
1239 3070 1294 3102 31.
1326 3065 1559 3112 pinguiaque
1594 3066 1598 3110 Ι
1631 3062 1856 3099 torrebimus
1887 3075 1932 3100 ex

179 3123 368 3158 torrebilis
395 3136 486 3160 corr.
514 3128 594 3160 1114
627 3127 638 3170 ΙΙ

1952 1541 1986 1567 25

1951 2261 1986 2286 30
