2221 3490
249 148 333 188 620

248 256 463 298 Gabulum
498 259 563 297 est
594 257 839 311 patibulum

247 327 352 369 Glos
386 342 518 368 nurus

248 398 458 453 Girgillus
493 401 560 440 est
592 414 765 455 mergus

248 468 415 510 Gibbus
436 469 505 510 uel
531 470 686 526 gibber
714 469 754 528 (e
776 486 823 513 (ar
844 486 867 512 6
889 471 1007 524 corrssss
1034 474 1100 512 est

190 594 193 597 .
304 545 473 582 struma
505 542 658 583 cameli

209 624 224 648 5
247 610 406 666 Gipsus
440 615 506 653 est
546 628 682 669 genus
716 615 846 657 calcis
880 616 949 656 uel
983 618 1099 656 terra

302 687 432 725 tenax

243 753 419 797 Gliritia
471 760 536 798 est
592 757 747 812 peonia
800 758 901 813 quia
955 759 1099 814 gliron

301 843 452 884 graece
473 828 607 871 latine
629 829 750 871 dulce
773 845 821 871 eo
840 830 953 884 quod
975 830 1097 871 dulce

300 901 357 941 sit
391 915 472 955 que
507 904 549 941 et
582 900 664 954 alie
700 901 778 942 flos
813 900 972 943 dicitur

242 972 434 1027 Gylogus
468 975 534 1014 est
574 972 762 1014 famulus
803 973 903 1015 hinc
943 973 1095 1028 gilosis

299 1044 528 1086 famulatio

243 1115 512 1157 Gallodromi
540 1120 641 1158 sunt
668 1131 905 1172 mangones
933 1117 1094 1159 discur-

300 1190 443 1229 rentes
477 1191 520 1229 et
552 1188 700 1230 fraude
735 1189 996 1244 decipientes

242 1331 477 1386 Horripido
504 1319 578 1374 'est
609 1332 765 1374 horreo

188 1416 218 1439 10
240 1403 466 1445 Hilosatus
501 1407 566 1445 est
599 1404 757 1446 insilua
788 1407 918 1446 natus

243 1475 500 1530 Heredipeta
551 1478 618 1517 est
672 1476 745 1531 qui
804 1475 1092 1517 hereditatem

298 1547 409 1600 petit
441 1547 541 1588 hinc
568 1547 835 1589 herediolum
860 1562 996 1601 parua
1021 1547 1091 1588 he-

298 1618 457 1660 reditas

238 1690 431 1732 Herbam
463 1691 513 1732 de
547 1693 613 1732 est
645 1690 878 1733 uictoriam
911 1690 1014 1732 cedo

237 1760 495 1803 Hostorium
528 1765 595 1803 631
632 1762 800 1816 lignum
840 1777 924 1817 quo
970 1777 1095 1817 equa-

297 1836 369 1874 tur
384 1833 554 1876 modius
576 1832 763 1888 (modius
778 1848 857 1888 pro
880 1834 1093 1876 sextarius

297 1903 420 1961 corr.)

238 2047 541 2090 Incastratura
587 2048 833 2091 coniunctio
882 2050 951 2091 uel
997 2064 1093 2091 con-

297 2121 532 2175 glutinatio

187 2203 218 2227 15
238 2191 510 2234 Internecida
562 2196 628 2233 est
678 2193 751 2247 qui
808 2207 884 2247 per
933 2192 1093 2234 falsum

299 2264 596 2306 testimonium
631 2264 789 2306 occidit
821 2263 1041 2305 hominem

238 2335 528 2377 lnternecium
545 2339 611 2377 est
631 2336 793 2377 bellum
814 2336 926 2377 unde
949 2335 1092 2376 nullus

298 2407 442 2448 euadit

238 2477 504 2532 lmpluuium
537 2481 603 2520 est
636 2478 843 2520 solarium

238 2550 381 2604 Impes
415 2553 481 2591 est
513 2550 702 2604 impetus

239 2621 490 2663 Interrasile
524 2624 591 2662 est
623 2621 776 2662 incisio

187 2704 220 2728 20
241 2693 444 2748 lnsopilis
473 2695 538 2734 est
563 2691 638 2747 qm·
669 2707 756 2734 non
785 2696 932 2748 potest
960 2693 1094 2749 sopiri

238 2764 429 2806 Interula
464 2767 530 2806 est
562 2764 740 2806 camisia

239 2835 373 2877 Istinz
413 2839 480 2878 est
517 2837 602 2877 iiox
645 2836 827 2889 mustele
870 2839 982 2878 teste
1021 2837 1095 2878 ho-

302 2908 410 2948 ratio

244 2978 460 3032 lutei-pola
475 2982 540 3020 est
556 2979 689 3020 uestis
711 2979 837 3034 nigra
851 2979 951 3020 hinc
966 2979 1094 3020 inter-

302 3049 401 3102 polo
437 3053 502 3090 est
536 3051 719 3091 obscuro

249 3120 332 3161 llus
367 3123 432 3162 est
464 3121 700 3164 medanum
732 3121 884 3177 pennis

716 147 971 182 EXCERPTA
996 148 1062 182 EX
1087 147 1277 183 GLOSSIS
1304 146 1528 182 AYNARDI

1139 257 1248 298 Illex
1279 272 1356 312 per
1388 258 1472 298 duo
1509 257 1524 297 l
1558 257 1697 298 omnis
1731 258 1934 312 deceptor
2013 270 2046 296 ‘25

1139 328 1434 370 Intronizatus
1466 329 1742 370 introductus

1140 400 1300 456 lpogea
1332 403 1398 441 est
1430 399 1649 442 tonstrina

1138 470 1315 512 Istriate
1342 486 1420 526 pro
1448 471 1645 512 istoriate
1675 471 1787 513 idest
1810 471 1992 526 historie

1195 542 1385 584 hominis
1419 541 1749 584 similitudinem

1138 685 1321 727 Kanifer
1354 688 1420 727 est
1453 700 1582 727 senex

1138 757 1249 798 Kalo
1283 759 1350 799 est
1382 771 1490 798 uoco
2011 769 2045 794 30

1135 899 1278 942 Lucar
1300 904 1365 942 est
1391 902 1560 943 lucrum
1587 901 1655 942 uel
1679 901 1791 955 quod
1815 915 1865 941 ex
1892 900 1988 941 luco

1195 970 1264 1029 (co
1291 986 1377 1027 sap.
1403 971 1499 1029 scr.)
1527 974 1706 1014 deorum
1733 971 1991 1012 reddebatur

1194 1045 1262 1086 uel
1309 1045 1475 1099 apertio
1517 1045 1670 1086 domus
1712 1043 1779 1084 uel
1821 1057 1987 1097 campa-

1192 1116 1364 1158 narium

1133 1187 1266 1229 Lidus
1300 1190 1365 1229 est
1396 1188 1530 1229 libtus

1133 1259 1299 1315 Legula
1332 1262 1398 1302 est
1431 1260 1575 1316 cingla
1607 1273 1814 1314 equorum

1132 1330 1328 1372 Lateruli
1361 1334 1427 1372 est
1459 1331 1695 1373 torsatoria

1133 1402 1329 1444 Libitina
1361 1403 1570 1444 feretrum
1608 1403 1677 1443 uel
1711 1401 1989 1456 sepulchrum
2009 1413 2042 1438 35

1194 1477 1305 1515 teste
1338 1475 1511 1516 horatio

1132 1545 1401 1602 Litargirum
1424 1548 1490 1587 est
1511 1560 1661 1587 scuma
1681 1545 1850 1601 argenti
1877 1544 1990 1585 idest

1192 1617 1331 1659 scoria

1133 1688 1287 1731 Liceor
1320 1691 1385 1731 est
1418 1689 1648 1744 epimatizo

1133 1759 1420 1802 Laleromiste
1454 1761 1628 1816 loquere
1661 1759 1795 1801 latine

1131 1831 1308 1888 Lagena
1339 1832 1408 1873 uel
1441 1847 1546 1874 orna
1579 1834 1680 1873 sunt
1711 1845 1816 1872 uasa

1132 1903 1278 1960 Lurgo
1313 1906 1379 1945 est
1412 1904 1561 1946 ambro

1132 1974 1370 2017 Liminium
1405 1978 1470 2017 est
1504 1975 1731 2017 seruitium

1132 2046 1388 2088 Lacinatum
1423 2050 1489 2089 est
1521 2047 1758 2088 laceratum

2004 1898 2043 1939 v40

1131 2118 1344 2173 Limphor
1377 2121 1443 2160 est
1475 2118 1644 2160 insanio

1131 2189 1389 2232 Lucicomus
1424 2193 1490 2231 est
1523 2204 1666 2231 coines
1699 2188 1808 2230 lucis

1131 2261 1256 2303 Limo
1290 2276 1382 2303 mas
1416 2261 1603 2303 informo
2007 2272 2042 2297 45

1132 2332 1375 2388 Legirupus
1409 2335 1475 2374 est
1509 2333 1581 2386 qui
1613 2332 1755 2387 legem
1787 2331 1952 2386 rumpit

1133 2405 1256 2446 Lallo
1279 2408 1344 2447 est
1371 2404 1545 2460 proprie
1568 2404 1680 2458 quod
1707 2403 1800 2458 agit
1826 2402 1988 2444 femina

1191 2476 1235 2517 in
1269 2476 1512 2531 crepundiis

1132 2547 1342 2589 Letamen
1380 2551 1446 2589 est
1486 2548 1614 2589 fimus
1655 2547 1729 2602 qui
1767 2546 1988 2602 spargitur

1192 2620 1402 2674 incampis

1135 2690 1266 2732 Laeto
1300 2694 1367 2733 est
1400 2692 1465 2732 166
1496 2690 1683 2745 praebeo
1715 2690 1785 2731 uel
1818 2689 1984 2744 decipio

1133 2762 1291 2804 Lacteo
1326 2765 1392 2804 est
1424 2763 1491 2804 166
1524 2775 1633 2817 sugo

1135 2834 1319 2876 Ablacto
1356 2837 1421 2875 est
1453 2833 1591 2875 alacte
1625 2847 1776 2887 separo

1133 2905 1216 2947 Hic
1259 2906 1422 2946 lac-tens
1463 2903 1607 2945 infans
1648 2902 1721 2958 qui
1761 2902 1873 2945 lacte
1913 2917 1987 2944 nu-

1191 2978 1323 3018 tritur
1367 2976 1447 3030 hec
1490 2975 1655 3017 lactens
1703 2974 1858 3015 mulier
1903 2988 1985 3028 que

1192 3048 1257 3088 lac
1290 3048 1468 3102 praebet

1133 3118 1311 3161 Locium
1346 3119 1470 3160 urina

2005 2770 2040 2796 50
