2221 3490
246 171 334 212 580

247 278 532 321 Subnoxiauit
565 277 799 319 subnoxios
830 275 936 318 fecit

247 349 524 392 Sublustrum
567 363 655 389 non
700 348 817 389 omni
859 346 1096 389 tenebrico-

304 436 399 462 sum
420 421 494 462 sed
514 420 712 461 umbram
732 418 897 460 habens
913 416 1094 460 alicuius

301 491 486 546 fulgoris

180 578 183 580 ·
245 562 434 604 Sublaxa
467 562 679 603 diminuta

244 633 475 676 Subarruit
506 632 754 688 pignerauit

206 715 222 740 5
244 703 434 746 Suburra
469 719 599 746 sonus
632 703 762 758 liquis
794 703 903 744 libet

244 775 472 818 Subsiciua
492 776 658 830 reliqua
678 775 849 816 residua
869 775 937 815 uel
953 774 1094 815 audia-

301 848 442 890 centia

243 918 492 960 Subsannat
524 918 707 959 insultat

242 987 471 1031 Sublatum
503 989 665 1030 tultum

243 1060 435 1102 Suburra
467 1075 596 1101 arena

189 1143 222 1167 10
244 1130 403 1172 Sudam
436 1146 589 1186 puram
623 1130 835 1172 sinceram
867 1130 1051 1171 nitidam

242 1201 426 1244 Suffetes
467 1217 662 1244 summus
701 1202 986 1257 magistratus
1025 1216 1093 1256 pe-

297 1288 452 1316 norum

241 1344 511 1401 Suffraganei
544 1345 707 1387 subditi

241 1416 485 1459 Summates
517 1417 630 1458 idest
661 1415 746 1457 uiri
778 1418 978 1470 potentes

241 1487 415 1530 Summe
443 1489 600 1543 pedum
624 1488 751 1544 uirga
776 1487 955 1529 incurua
980 1486 1091 1528 unde

299 1560 542 1602 retinentur
572 1574 777 1615 pecorum
810 1559 940 1613 pedes

187 1642 220 1667 15
243 1630 450 1673 Summisi
484 1632 698 1686 supplices

241 1701 476 1758 Supedium
510 1703 726 1744 somnium
757 1715 957 1757 pssorum

240 1772 376 1829 Supat
422 1773 525 1816 iacit
569 1775 679 1816 unde
719 1773 903 1828 dissipat
939 1772 1092 1814 hocest

297 1846 422 1887 inicit
448 1845 577 1888 discit
599 1847 747 1888 obstat
768 1844 903 1886 obicit
930 1843 1092 1897 insipat

241 1916 511 1972 Superrescit
544 1932 672 1972 super
705 1920 771 1959 est

241 1987 427 2030 Susurro
479 1989 646 2031 occulte
698 2001 972 2029 murmurans
1022 1987 1090 2027 uel

297 2060 440 2115 iurgia
472 2060 689 2102 seminans
722 2059 886 2100 derisor

186 2141 220 2166 20
242 2129 352 2172 Sura
383 2132 578 2173 muscula
611 2130 818 2172 tibiarum

240 2200 462 2257 Suspirius
496 2202 722 2244 anxiantes
755 2201 985 2255 respiratio

240 2271 396 2315 Sutilla
428 2273 572 2328 captio

240 2342 403 2400 Scrupo
435 2344 599 2386 harena

241 2413 405 2469 Scrupa
437 2431 540 2457 saxa
572 2415 698 2471 nigra
729 2415 799 2456 uel
832 2414 948 2456 clara

185 2496 218 2522 25
240 2484 428 2540 Scrupea
461 2501 563 2527 saxa
596 2499 832 2528 cauernosa

241 2556 398 2599 Scurra
429 2557 692 2612 uaniloquax
726 2559 893 2599 secator

241 2698 439 2741 Tabellio
457 2699 571 2754 quod
593 2699 650 2739 sit
669 2699 858 2753 portitor
872 2699 1090 2740 tabellarii

240 2769 395 2811 'Faenis
447 2769 625 2812 fasceoli
670 2785 719 2811 ex
766 2784 889 2812 cruce
939 2771 1092 2825 depen-

299 2841 500 2882 dentibus

240 2910 471 2953 Tantalum
504 2912 632 2954 ardea
666 2912 758 2953 auis

187 2993 221 3017 30
240 2980 474 3023 Tantulum
507 2983 762 3025 tantundem

240 3051 449 3106 Tanaquil
478 3068 584 3095 uxor
611 3053 817 3108 tarquinii
849 3054 981 3108 prisci
1008 3053 1091 3095 fuit

241 3122 451 3176 Tanaquil
484 3139 638 3165 nomen
671 3124 829 3178 femine

655 167 908 204 EXCERPTA
935 167 997 201 EX
1025 165 1197 202 CODICE
1225 165 1505 220 CASSINENSI
1530 168 1574 199 90

1133 274 1361 317 Talionum
1393 274 1731 317 retributionum

1133 345 1314 388 Tanaim
1346 347 1513 403 fluuius·
1536 345 1691 399 scithie

1133 417 1388 472 Taprobane
1419 432 1580 459 nomen
1609 416 1750 470 insule

1133 488 1390 531 Tartareum
1404 503 1554 531 canem
1575 488 1860 530 triceruerum
1872 486 1985 528 idest

1190 559 1428 615 tricipitem

1131 630 1274 673 Tarba
1306 630 1477 687 hispida

1131 702 1341 745 Tarichus
1374 703 1514 745 salsus

1132 773 1336 816 Tardatio
1372 775 1556 816 tarditas

1132 845 1255 887 Tanu
1288 847 1539 887 mandatum
1570 845 1781 888 humilem

1131 916 1316 958 Taxiota
1361 917 1558 959 officialis
1604 918 1708 959 ordo
1754 917 1866 959 acies
1907 917 1984 958 mi-

1190 988 1318 1030 litum

1131 1058 1286 1100 Thauli
1320 1060 1555 1101 effeminati
1580 1060 1650 1101 uel
1683 1059 1882 1101 illusores
1909 1059 1984 1114 qui

2004 427 2038 453 35

2002 858 2038 883 40

1191 1133 1411 1172 semutant
1442 1134 1492 1172 ut
1525 1130 1838 1185 turpitudinem
1870 1146 1983 1173 exer-

1192 1205 1315 1244 ceant
1347 1202 1464 1244 uices

1131 1273 1321 1315 Trasena
1360 1273 1500 1329 tigula
1532 1276 1683 1328 aperta
1715 1274 1765 1315 de
1806 1274 1891 1315 bua
1922 1274 1984 1315 lu-

1191 1360 1290 1387 men
1322 1345 1363 1386 in
1399 1346 1526 1388 domo
1559 1346 1680 1387 uenit

1129 1417 1304 1458 Tralata
1336 1417 1518 1471 pecunia

1129 1487 1318 1530 Trasena
1338 1489 1407 1529 uel
1423 1491 1657 1530 transenna
1670 1489 1818 1544 tegula
1832 1491 1982 1544 aperta
2002 1500 2035 1524 4⁵

1187 1575 1265 1615 per
1297 1575 1427 1614 quam
1458 1560 1605 1602 lumen
1636 1560 1757 1602 uenit

1129 1630 1319 1687 Tragula
1350 1646 1486 1687 genus
1517 1631 1720 1686 ponderis

1130 1702 1288 1760 Tracas
1341 1717 1510 1757 quoque
1557 1706 1600 1745 et
1650 1703 1741 1758 ipse
1792 1703 1980 1759 ingentis

1188 1773 1474 1829 longitudinis
1501 1774 1625 1816 haste
1652 1775 1766 1816 inter
1786 1775 1981 1817 obiectos

1189 1845 1377 1899 undique
1410 1860 1553 1886 ramos
1586 1844 1881 1900 impediebant

1129 1915 1358 1971 Trapezita
1398 1915 1471 1971 qui
1510 1916 1726 1971 scalptum
1765 1917 1982 1960 numisma

1187 2002 1275 2029 non
1314 1987 1454 2029 solum
1493 1987 1641 2029 oculos
1681 1988 1755 2029 sed
1795 1991 1839 2030 et
1879 2003 1982 2044 pon-

1190 2059 1288 2100 dere
1321 2061 1364 2100 et
1395 2058 1558 2100 tinnitu
1590 2059 1748 2113 probat

1129 2129 1263 2171 Tralli
1297 2143 1401 2185 gens
1435 2128 1664 2172 illiriorum

1128 2200 1286 2242 Trallis
1317 2215 1476 2243 nomen
1508 2201 1651 2256 gentis

1128 2271 1242 2313 Tran
1275 2271 1406 2314 facies

1128 2342 1323 2384 Tracitas
1358 2342 1513 2384 ciuitas
1547 2343 1592 2384 in
1624 2343 1791 2399 grecias

1127 2413 1252 2455 Tefre
1285 2414 1513 2469 nugacitas

1127 2483 1232 2526 Tela
1262 2500 1341 2539 pro
1373 2484 1644 2541 longitudine
1678 2486 1915 2527 staminum

1128 2555 1299 2597 Telaria
1330 2556 1620 2598 deriuatiuum

1129 2625 1382 2669 Telonarius
1421 2631 1595 2670 curator
1627 2631 1670 2669 et
1709 2628 1982 2682 dispensator

1188 2699 1469 2754 uectigalium

1129 2768 1257 2810 Telus
1290 2770 1438 2812 lateris
1473 2771 1596 2812 dolor

1129 2839 1326 2896 Temperi
1359 2856 1483 2884 mane

1129 2911 1363 2954 Terrenum
1396 2927 1504 2967 opus
1537 2927 1587 2954 ex
1620 2914 1736 2953 terra

1129 2981 1361 3024 Terrosum
1404 2983 1672 3025 frumentum
1711 2985 1754 3024 et
1796 2983 1979 3025 honero-
2000 2997 2036 3023 eo

1189 3069 1284 3095 sum

1130 3125 1341 3167 Termites
1376 3127 1603 3167 terodones

2001 2213 2035 2237 50

2000 2568 2035 2594 55
