2216 3402
758 131 992 167 PLACIDVS
1019 131 1203 167 CODICIS
1230 131 1444 167 PARISINI

276 246 420 285 rostro
454 242 559 285 hore
582 275 590 284 .
611 245 693 298 ιη’-ς
721 275 730 283 .
754 244 982 297 rostroque
1016 241 1076 283 in-

277 314 417 356 manis
447 307 598 357 uultur
620 350 627 357 .
649 314 815 356 adunco
843 313 1075 355 inmortale

275 386 394 428 iecur
426 387 609 429 tondens

217 457 305 500 Ros
328 490 337 499 .
357 458 528 514 generis
562 448 710 500 mslini

215 529 359 572 Rosea
385 564 393 571 .
419 545 638 585 purpurea
666 564 672 570 .
701 531 776 570 aut
816 529 968 584 pulcra
1005 528 1075 570 uel

275 602 410 643 rubea

216 673 408 715 Rostra.
428 674 570 729 prima
601 687 702 728 pars
734 671 858 714 nauis

215 745 452 788 Roscidum
474 778 482 786 .
503 744 699 787 umidum

179 829 195 854 5
215 817 405 860 Roscida
424 851 433 859 .
454 832 551 859 rore
585 815 730 858 infusa

215 890 360 932 Roseo
395 905 468 932 ore
490 923 498 931 .
518 889 734 944 ispecioso
769 903 842 931 ore

214 961 377 1004 Rostra
399 994 407 1002 .
428 961 555 1003 initia
593 960 850 1016 incipientia
884 960 976 1002 siue
1008 974 1077 1015 pe-

275 1036 397 1077 ctora
418 1067 426 1075 .
446 1033 627 1076 nauium

214 1106 357 1148 Rotas
381 1140 388 1147 .
410 1105 607 1148 acculum

214 1178 425 1221 *Romam
453 1193 504 1219 ex
531 1177 733 1232 aquilone
745 1175 776 1232 ¹)
811 1175 942 1218 reties
970 1174 1077 1217 trin-

274 1254 384 1307 gunt
405 1284 413 1292 .
434 1249 504 1292 uel
550 1249 828 1291 conlimitant
871 1248 942 1289 uel
981 1247 1075 1289 fini-

273 1323 355 1365 bus
377 1357 384 1364 .
407 1322 494 1365 seei
514 1355 522 1363 .
545 1320 788 1377 adiungunt

162 1409 195 1434 10
214 1395 332 1437 Ruat
351 1427 360 1436 .
381 1395 527 1437 inruat

215 1467 369 1509 Rubea
394 1467 522 1523 uirga
538 1500 545 1507 .
561 1480 611 1507 ex
641 1465 810 1507 arboris
838 1464 936 1506 rubi
962 1464 1077 1506 facta

214 1538 351 1581 Rudis
373 1573 381 1580 .
400 1553 542 1581 nouus

214 1610 462 1653 Rudentem
478 1645 485 1652 .
501 1610 625 1665 plaut
651 1623 808 1666 genere
840 1608 1050 1651 feminino
1067 1641 1076 1650 .

274 1683 410 1725 dixit.
425 1683 527 1725 dum
555 1696 658 1738 ergo
679 1682 793 1724 hanc
815 1696 944 1737 quam
968 1680 1076 1722 trais

274 1755 407 1797 ruden
416 1755 455 1810 sss
468 1770 536 1797 em
587 1754 782 1810 conplico
833 1753 879 1795 in
928 1752 1078 1795 fabula

274 1827 455 1870 rudente

213 1898 479 1941 Rudimenta
500 1932 508 1941 .
528 1898 656 1940 initia
687 1912 803 1940 noua

160 1985 194 2010 15
214 1970 436 2014 Rudentes
459 1971 612 2014 .funes
653 1971 699 2013 in
741 1983 852 2013 naue
892 1968 1074 2011 striden-

271 2046 338 2085 tes

213 2114 381 2157 Rudior
403 2148 411 2158 .
431 2115 587 2158 nouior

214 2187 343 2229 Rusti
366 2221 373 2229 .
395 2201 532 2244 genus
565 2187 749 2244 uirgulti
770 2220 779 2229 .
799 2186 906 2244 urg}
925 2200 1077 2243 aspera

273 2260 384 2301 rusti
406 2292 416 2302 .
435 2259 603 2302 uimina
634 2260 843 2315 persilum

216 2331 382 2374 Rursus
404 2365 413 2373 .
435 2347 609 2374 rursum
630 2366 638 2374 .
659 2332 832 2374 iteratis
855 2366 862 2373 .
885 2331 1042 2373 iterum

214 2402 380 2446 Rustus
403 2438 410 2446 .
431 2404 608 2446 niminis
642 2418 778 2460 genus

163 2489 197 2514 20
215 2474 423 2519 Rusticus
445 2510 453 2518 .
474 2491 547 2518 rus
582 2476 728 2519 colens

215 2546 306 2588 Rus
340 2562 516 2589 eamus.
541 2549 594 2590 ad
626 2548 779 2590 uillam
812 2563 961 2590 eamus

215 2618 415 2661 Rutilare
437 2655 445 2662 .
468 2619 675 2676 effulgere

215 2689 487 2733 Rutilantior
507 2726 515 2733 .
537 2692 804 2747 splendidior

215 2760 415 2804 Rutilum
438 2797 445 2804 .
467 2763 741 2818 splendidum

162 2847 196 2872 25
215 2831 356 2874 Rutili
378 2867 386 2874 .
407 2835 577 2878 corusci
597 2870 605 2877 .
627 2836 841 2891 splendidi

216 2903 368 2946 Rutilo
390 2940 398 2947 .
418 2920 527 2960 puro

216 2975 347 3018 Ruris
381 2977 505 3032 opaci
526 3011 535 3020 .
555 2981 670 3021 terre
706 2979 911 3022 umbrose
932 3015 940 3022 .
962 2981 1046 3037 uEg
1067 3014 1074 3021 .

1889 131 1974 172 145

1176 245 1219 284 et
1269 242 1382 284 ruris
1435 241 1558 297 opaci
1600 275 1607 283 .
1645 240 1755 283 falce
1803 256 1974 296 premes

1174 315 1353 356 umbras

1114 384 1336 441 Rumpent
1357 419 1364 427 .
1385 400 1462 441 pro
1496 384 1742 440 implebunt
1770 418 1778 426 .
1798 386 1881 440 ηιξΓ
1903 419 1911 426 .
1933 388 1976 426 et

1177 461 1388 513 cautaque
1421 457 1514 498 rule
1542 458 1746 512 rumpent
1766 490 1774 498 .
1796 455 1976 498 arbusta

1176 530 1348 572 cicadea
1386 562 1394 571 .
1435 542 1539 585 ergo
1591 531 1848 584 rumperunt
1898 527 1975 569 im-

1173 602 1404 656 pleuerunt

1114 673 1243 715 Ruit.
1260 677 1302 715 et
1327 672 1538 728 patientis
1566 675 1714 714 estet
1745 672 1972 715 facientis.

1175 747 1257 802 ηιξ
1272 780 1280 787 .
1295 748 1430 800 utque
1464 744 1566 786 data
1591 746 1822 799 portarunt
1838 778 1846 786 .
1860 747 1975 786 teret

1176 817 1285 860 alios
1302 852 1308 859 .
1325 818 1526 872 raperent
1540 830 1709 858 ruerem
1726 847 1734 856 .
1749 816 1975 858 tunderem

1176 892 1219 931 et
1250 886 1466 945 proster2)
1498 902 1646 929 nerem

1116 961 1224 1003 Ruit
1245 996 1252 1003 .
1274 961 1362 1003 tria
1387 959 1608 1016 significat
1629 993 1636 1001 .
1658 962 1734 1001 aut
1760 960 1874 1002 cadit
1901 963 1976 1002 aut
1995 973 2030 998 80

1177 1033 1309 1075 deicit
1330 1066 1337 1073 .
1360 1034 1436 1074 aut
1467 1030 1648 1074 festinat

1117 1105 1264 1161 Rupes
1285 1139 1293 1146 .
1316 1119 1419 1147 saxa
1450 1104 1649 1161 ingentia

1117 1177 1280 1220 Rufum
1302 1211 1309 1219 .
1330 1175 1504 1232 nigrum
1536 1176 1606 1218 uel
1639 1175 1808 1218 fuscum

1116 1250 1354 1292 Rumorem
1375 1283 1383 1291 .
1404 1248 1760 1292 consuetudinem

1115 1322 1427 1378 Rumigerulus
1450 1356 1457 1363 .
1478 1321 1665 1364 rumoris
1699 1321 1902 1363 inuentor

1116 1394 1269 1437 Rubus
1293 1430 1298 1435 .
1321 1393 1544 1436 montibus
1996 1405 2030 1430 35

1115 1466 1232 1522 Rupi
1254 1500 1261 1508 .
1283 1466 1390 1509 scidi
1430 1495 1433 1497 Δ

1113 1539 1221 1581 Ruit
1242 1573 1249 1580 .
1272 1524 1449 1581 cecidit‘

1114 1611 1223 1653 Ruis
1246 1644 1254 1653 .
1274 1625 1482 1666 properas

1114 1683 1317 1740 *Ruuigo
1339 1715 1348 1724 .
1369 1697 1394 1724 a
1419 1682 1608 1725 rodendo
1637 1681 1796 1724 dicitur
1817 1715 1824 1723 .
1846 1681 1889 1722 id
1916 1680 1978 1722 ui-

1176 1755 1288 1797 tium
1321 1757 1520 1811 segetum

1111 1827 1258 1870 *Rura
1285 1860 1294 1869 .
1320 1841 1501 1869 numero
1536 1825 1697 1882 plurali
1724 1860 1731 1868 .
1760 1824 1972 1882 singulari
1995 1839 2030 1864 40

1172 1914 1390 1942 uer0.rus
1423 1898 1630 1942 dicimus.
1657 1901 1701 1940 et
1732 1887 1977 1954 esbgffis.

1172 1970 1318 2014 neutri

1117 2115 1315 2160 Sabaoht
1345 2150 1353 2158 .
1384 2115 1651 2159 exercituum
1681 2149 1687 2156 .
1721 2118 1796 2157 aut
1842 2114 1978 2171 aliqui

1175 2189 1332 2231 uolunt
1365 2189 1475 2244 on—ps

1115 2260 1495 2317 Sabet.ui1·gulti.
1510 2263 1617 2316 aput
1644 2260 1799 2302 ebreos
1818 2275 1978 2302 nomen

1174 2337 1241 2375 est
1263 2368 1269 2375 .
1290 2332 1488 2389 ingenesi
1505 2366 1514 2374 .
1528 2347 1625 2374 ecce
1653 2331 1806 2388 inquid
1835 2333 1947 2375 aries

1116 2405 1259 2448 Sabaa
1280 2439 1288 2446 .
1309 2404 1460 2447 arabia
1491 2404 1715 2447 uocitatur

1116 2477 1348 2520 Saccatum
1357 2511 1365 2519 .
1374 2477 1526 2519 uinum
1541 2491 1794 2533 expressum
1807 2491 1976 2532 persac-

1176 2563 1274 2592 cum
1295 2584 1302 2591 .
1324 2549 1423 2592 inde
1455 2564 1615 2592 nomen
1653 2549 1821 2604 accepit
1842 2582 1850 2590 .
1871 2549 1949 2604 gff

1117 2620 1340 2664 Sacratius
1356 2654 1365 2662 .
1380 2621 1581 2664 deuotius
1597 2654 1606 2663 .
1621 2620 1690 2662 uel
1723 2620 1976 2662 sollemnius
1995 2635 2030 2660 45

1116 2692 1365 2749 Sacrilegus
1387 2693 1547 2736 dicitur
1560 2726 1569 2736 .
1582 2693 1635 2734 ab
1659 2706 1708 2734 eo
1725 2692 1839 2746 quod
1855 2706 1978 2733 sacra

1175 2765 1284 2821 legit
1305 2799 1313 2807 .
1335 2765 1379 2807 id
1409 2764 1559 2806 futura

1117 2836 1285 2893 sagene
1308 2872 1315 2879 .
1337 2849 1521 2892 sagena.
1536 2835 1581 2876 id
1613 2834 1831 2877 uereclum
1847 2869 1854 2876 .
1869 2837 1947 2891 gff
1968 2868 1977 2877 .

1175 2911 1241 2951 est
1273 2907 1381 2949 retie
1397 2941 1406 2949 .
1424 2908 1559 2963 uulgo
1588 2908 1688 2949 afiffi
1703 2941 1711 2949 .
1726 2907 1976 2949 eueruclum

1175 2979 1335 3021 dicitur

314 3130 348 3174 1)
371 3135 455 3176 post
481 3130 657 3176 aquilone
683 3133 751 3169 dez.
776 3145 822 3169 m.
840 3138 857 3168 1
886 3134 1095 3170 detendunt
1114 3138 1126 3181 n
1145 3139 1181 3181 2)
1208 3145 1226 3167 1·
1246 3136 1330 3178 post
1354 3144 1379 3177 p
1405 3143 1484 3178 sup.
1513 3144 1580 3168 scr.
1601 3135 1614 3179 Η

289 3196 377 3228 ΟοιῬ.
398 3197 489 3229 gloss.
509 3198 562 3223 lat.
582 3200 654 3224 tom.
675 3199 710 3225 V.

1642 3195 1685 3228 10
