2216 3402
702 120 936 156 PLACIDVS
963 121 1092 156 LIBRI
1119 121 1409 157 GLOSSARVM
1873 121 1922 161 ’Π

177 228 455 271 Ineuitabilis
488 229 647 271 dicitur
677 230 750 284 qui
782 229 917 285 fugiri
948 244 1036 271 non
1072 229 1296 285 Ingluuies
1329 231 1430 286 gule
1462 230 1680 272 uoracitas
1714 228 1780 286 (de
1808 228 1882 285 97.)

237 303 384 355 potest
416 301 486 342 uel
518 300 726 342 declinari
1072 300 1320 357 Inglubiem
1354 304 1561 343 cornutus
1593 304 1744 342 uentre
1776 301 1928 355 plenus

175 371 484 414 Inextricabile
495 371 777 414 inresolubile
790 373 905 427 quod
915 388 1035 414 num·
1133 373 1346 415 edacitate
1379 371 1446 429 (de
1472 371 1547 429 ql.)

238 458 369 498 quam
394 443 545 485 finitur
570 443 676 485 facit
698 443 951 485 aduerbium
974 443 1036 484 in·
1072 443 1297 500 Ingluuies
1319 444 1438 500 guila
1451 445 1522 486 uel
1540 444 1757 486 uoracitas
1774 441 1840 500 (de
1855 441 1929 500 ql.)

238 515 553 557 extricabiliter
1073 514 1265 571 Ingratis
1311 516 1402 557 sine
1447 516 1692 558 bolumtate
1734 514 1931 557 nolentia
1950 530 1984 553 20

178 586 365 629 Infamia
407 602 496 629 non
540 585 719 628 dubium
765 589 831 628 est
873 586 947 641 qui
992 586 1036 628 in
1135 585 1200 643 (de
1225 588 1299 641 91.)

237 659 408 714 generis
441 661 508 700 est
540 657 739 699 feminini
776 673 879 699 nam
915 673 933 699 s
967 673 1035 699 me
1072 657 1246 714 Ingruit
1284 658 1469 700 inminet
1506 659 1713 714 inpendet
1744 662 1794 701 ut
1826 662 1931 700 tem-

238 732 334 771 atro
380 729 496 771 dicas
534 733 584 771 ut
622 730 747 771 uerbi
788 730 932 785 gratia
974 730 1036 771 in-
1132 732 1279 784 pestas
1312 730 1435 772 ruine
1467 731 1538 772 uel
1570 731 1710 772 hostis
1745 729 1811 787 (de
1837 728 1912 786 ql.)

237 800 417 842 famiam
442 801 614 844 locutus
636 804 702 843 est
721 802 857 843 uerba
882 800 1036 843 istauit
1074 800 1255 857 Inguem
1311 801 1495 857 inguina
1559 803 1730 857 generis
1787 801 1932 843 neutri

238 872 412 926 quidem
645 868 649 871 ’
1132 887 1293 914 nomen
1319 876 1386 914 est
1414 876 1561 928 partes
1589 873 1783 928 eorporis
1810 874 1933 914 iuxta

177 942 406 986 Infelicare
433 945 628 1001 affligere
654 944 872 987 infelicem
895 944 1036 986 facere
1134 944 1334 999 pudenda
1370 945 1564 1003 inguinis
1603 960 1706 987 uero
1745 944 1932 986 latinum

141 1032 157 1057 5
178 1015 368 1058 Inferces
401 1017 541 1072 reples
1133 1032 1294 1058 nomen
1326 1019 1393 1058 est
1425 1015 1491 1072 (de
1517 1015 1592 1073 yl.)

177 1087 444 1130 Infermento
467 1088 620 1130 estiter
644 1088 970 1130 infermentarie
993 1088 1038 1128 id
1074 1087 1253 1130 Innixus
1280 1088 1471 1130 innitens
1498 1091 1547 1130 ut
1583 1089 1619 1130 si
1653 1088 1749 1143 quis
1776 1088 1932 1130 baculo

238 1163 304 1201 est
325 1161 461 1202 tacita
476 1161 750 1202 dissimulata
764 1163 885 1202 temu
898 1163 1037 1202 trans-
1136 1157 1202 1216 (cle
1226 1158 1300 1217 φῖ.)

237 1231 382 1273 ierunt
1073 1231 1238 1274 Inlatas
1270 1232 1420 1274 linitas
1455 1231 1520 1288 (cle
1547 1231 1622 1289 yl.)

176 1302 396 1345 Infersisti
428 1304 608 1359 replesti
1073 1303 1227 1345 Inlicio
1254 1304 1437 1346 uerbum
1459 1304 1588 1345 tertie
1610 1303 1932 1359 coniugationis
1954 1319 1987 1345 25

178 1373 376 1416 Infinidis
411 1375 564 1431 ingens
598 1376 746 1418 obitus
1134 1379 1336 1431 corrupte
1369 1379 1419 1417 ut
1452 1376 1577 1418 elicio
1611 1373 1678 1432 (de
1704 1374 1778 1431 ql.)

177 1444 282 1487 Infit
314 1447 469 1503 incipit
500 1447 582 1489 fari
616 1445 759 1504 (Isz'd.)
1074 1447 1243 1489 Inluuie
1275 1447 1465 1490 incurias
1500 1447 1701 1489 sordibus
1736 1444 1802 1503 (de
1829 1445 1904 1502 ql.)

124 1536 158 1560 10
177 1517 229 1558 In
260 1518 426 1561 flustris
458 1520 504 1560 in
535 1523 667 1574 portu
699 1517 842 1576 (Isia.)
1073 1519 1377 1562 Inmensorum
1404 1523 1679 1561 tesaurorum
1705 1518 1817 1560 ratio
1840 1519 1935 1573 qui-

178 1588 392 1632 Infortem
424 1590 643 1633 infelicem
675 1589 820 1648 (Isz‘d.)
925 1639 938 1649 ³
1134 1592 1232 1633 dem
1251 1591 1359 1633 facit
1380 1592 1454 1634 sed
1473 1594 1653 1647 propter
1668 1590 1886 1632 eufoniam
1899 1588 1933 1647 2)

178 1660 434 1717 Infrequens
480 1664 636 1705 absens
683 1664 850 1705 alienus
896 1663 1036 1705 dictus
1134 1663 1382 1706 inmensum
1415 1663 1524 1705 dixit
1558 1663 1624 1720 (de
1645 1661 1720 1719 91.)

239 1749 264 1774 3
308 1734 500 1776 militum
543 1735 784 1789 ignominia
823 1735 897 1790 qui
942 1750 1038 1777 con·
1076 1735 1287 1777 Inmerito
1319 1750 1408 1777 non
1439 1735 1596 1777 merito
1630 1733 1697 1791 (cle
1724 1732 1798 1791 97.)

241 1805 385 1847 uocati
410 1821 499 1848 non
526 1806 767 1849 adfuissent
791 1807 1037 1862 11111οᾳ11011-
1077 1807 1281 1849 11111100110
1321 1811 1360 1855 Β(
1398 1807 1631 1861 inprobum
1673 1806 1935 1861 culpandum

239 1880 306 1919 tes
337 1878 606 1920 notabantur
639 1876 784 1935 (Isid.)
1136 1879 1206 1921 uel
1238 1879 1456 1920 interdum
1489 1893 1616 1920 mune
1649 1878 1825 1919 liberati

180 1948 346 1991 Infudit
391 1949 556 1991 dictum
601 1951 655 1991 ab
695 1965 744 1992 00
789 1951 903 2006 quod
947 1966 1039 2006 pre·
1076 1949 1127 1992 In
1160 1951 1320 1992 mundo
1353 1950 1399 1991 in
1430 1950 1632 2005 expeditu
1664 1950 1734 1991 uel
1762 1950 1814 1991 ad
1847 1965 1934 1991 ma·
1955 1967 1988 1991 30

239 2021 420 2064 teritum
431 2025 603 2077 tempus
617 2020 1039 2082 significeturffsid.)
1135 2038 1240 2064 num
1271 2022 1498 2077 procincto
1532 2019 1653 2078 (Cic.)

179 2093 321 2135 Infule
372 2097 473 2136 sunt
521 2097 776 2136 ornamenta
823 2094 1039 2136 honorum
1076 2093 1313 2150 Inpatibile
1371 2094 1486 2148 quod
1544 2093 1639 2150 quis
1699 2094 1794 2148 pati
1848 2108 1937 2135 non
1967 2089 1972 2093 ’

240 2152 435 2208 omnium
463 2181 608 2208 rerum
633 2169 675 2208 et
701 2166 969 2223 dignitatum
995 2169 1039 2208 et
1136 2169 1284 2221 potest
1317 2163 1383 2222 (de
1409 2164 1485 2222 ql.)

240 2253 450 2293 equorum
512 2238 718 2294 ephippia
774 2239 865 2280 siue
927 2238 1039 2280 freni
1077 2238 1263 2293 Inpensa
1302 2238 1356 2279 ab
1399 2237 1671 2292 inpendendo
1717 2238 1831 2292 quod
1870 2239 1937 2278 est

240 2307 307 2366 (de
330 2308 405 2367 91.)
1137 2310 1356 2366 erogando
1391 2312 1434 2351 et
1467 2309 1675 2351 scribitur
1709 2323 1807 2351 cum
1838 2324 1868 2350 n

128 2398 161 2423 15
180 2380 383 2423 Infuruas
415 2381 606 2424 infuscas
640 2382 824 2424 offundis
858 2380 925 2439 (de
945 2380 1020 2439 yl.)
1077 2381 1256 2437 Inpilati
1286 2381 1485 2424 conuicio
1517 2381 1778 2436 proscedisti
1806 2381 1937 2422 inter-

181 2452 327 2508 Ingeri
372 2456 439 2495 est
485 2454 637 2496 offerre
678 2457 727 2496 ut
769 2454 956 2510 ingessit
994 2469 1039 2495 se
1139 2454 1240 2495 dum
1274 2453 1506 2509 castigasti

240 2524 371 2566 iudici
404 2525 447 2567 id
479 2528 547 2567 est
579 2524 783 2580 obtulitl)
817 2524 884 2582 (de
904 2524 979 2583 92.)
1078 2525 1300 2581 Inrogatis
1332 2525 1548 2567 inuocatis

278 2667 314 2711 1)
340 2671 425 2711 post
449 2678 474 2701 u
499 2679 578 2703 una
602 2667 617 2701 l
641 2668 713 2703 vid.
741 2679 847 2703 erasa
878 2669 889 2713 ΙΙ
921 2669 957 2712 2)
989 2679 1008 2701 r
1033 2679 1140 2703 erasa
1159 2672 1245 2712 post
1270 2666 1288 2700 f
1317 2669 1328 2712 ΙΙ

280 2790 310 2820 1.
337 2786 576 2822 Inebitabilis
599 2791 603 2831 Ι
635 2787 764 2834 fugere
791 2799 836 2822 esc
859 2787 974 2834 fugiri
1000 2798 1092 2823 corr.
1115 2790 1120 2830 1
1144 2785 1333 2821 declinare
1359 2798 1404 2821 eat
1429 2785 1611 2821 declinari
1636 2796 1727 2821 corr.
1748 2787 1759 2830 ΙΙ
1786 2789 1816 2821 3.
1845 2785 1938 2830 quin

183 2856 228 2880 ex
253 2845 318 2890 qui
342 2846 383 2880 in
408 2858 500 2882 corr.
535 2850 540 2890 Ι
573 2858 661 2881 nam
688 2846 719 2882 si
745 2848 877 2881 neutro
909 2849 920 2892 ΙΙ
959 2851 990 2882 5.
1016 2845 1167 2881 Infertis
1194 2857 1238 2880 ex
1262 2844 1420 2880 Infertes
1447 2857 1537 2881 corr.
1571 2847 1582 2890 ΙΙ
1615 2849 1645 2880 6.
1679 2844 1938 2880 infermentari

184 2907 242 2940 est
264 2908 269 2950 Ι
290 2907 413 2940 temus
439 2908 473 2949 Bc
495 2909 499 2950 Ι
521 2908 625 2941 trans
653 2908 761 2942 erunt
779 2907 790 2951 ΙΙ
812 2910 865 2941 16.
893 2907 933 2940 id
959 2907 1031 2953 est]
1059 2906 1144 2940 ideo
1165 2908 1176 2950 H
1197 2909 1252 2941 18.
1279 2905 1492 2950 Ingluuiem
1512 2917 1556 2940 esc
1575 2903 1789 2951 Inglubiem
1814 2917 1906 2941 corr.

186 2970 240 3001 19.
268 2966 360 3011 gula
385 2977 429 3001 ex
454 2965 560 3012 guila
584 2978 675 3003 corr.
714 2968 725 3012 [Ι
768 2970 824 3002 20.
851 2966 1049 3001 uoluntate
1093 2968 1104 3010 l}
1148 2969 1203 2999 21.
1232 2964 1405 3010 inpendit
1484 2968 1541 3000 22.
1567 2964 1710 3010 Inguen
1741 2967 1752 3011 ΙΙ
1775 2969 1836 3001 25.
1864 2967 1936 3000 ter-

184 3049 265 3085 ciae
289 3048 584 3103 l'conligationis
606 3052 611 3094 l
634 3050 680 3099 de
706 3049 754 3096 gl.
784 3051 858 3086 cod.
892 3052 903 3096 H
935 3054 990 3086 26.
1020 3049 1192 3085 sordidus
1212 3051 1224 3093 ss
1252 3052 1308 3084 27.
1335 3048 1597 3083 thesaurorum
1620 3050 1624 3093 Ι
1653 3032 1748 3084 facit
1778 3049 1936 3094 1131.Ι11-

184 3109 347 3154 pacibile
369 3111 374 3154 Ι
397 3108 532 3154 quodsi
562 3111 574 3155 ΙΙ
606 3113 660 3144 33.
689 3109 854 3144 conuitio
881 3110 891 3134 Η
922 3114 977 3146 34.
1008 3110 1209 3155 Inrogatus
1233 3111 1237 3152 Ι
1260 3108 1459 3143 inuocatus
1491 3110 1502 3155 ΙΙ
