2221 3490
576 146 834 183 EXCERPTA
859 147 922 181 EX
951 147 1124 183 CODICE
1152 146 1435 182 CASSINENSI
1461 150 1528 181 402

172 256 395 301 Obnoxius
429 257 652 314 obligatus
686 259 755 300 uel
790 258 1019 300 damnatus

171 331 395 373 Obnoxius
429 331 602 373 debitor
634 344 766 386 egens

172 403 369 445 Obnixus
403 405 556 446 contra
587 402 757 457 positus

172 474 400 530 Obloquor
421 478 572 518 contra
597 475 850 530 loquentem
876 475 1031 530 loquor

136 560 151 583 5
171 546 380 589 Obtestor
412 549 571 589 testem
604 547 789 589 adhibeo

171 618 351 661 Obsisto
386 621 539 661 contra
571 619 666 661 dico

171 690 431 733 Obsecundo
466 691 690 734 consentio

170 762 362 804 Obstruo
397 763 550 805 c]audo

172 833 407 876 Oblectant
439 834 712 877 delectantur
745 834 906 890 gaudet

120 918 151 943 10
172 905 331 948 Obruit
364 907 591 963 cooperuit

171 978 429 1034 Obrepserit
445 979 832 1022 commaculauerit
853 978 944 1021 siue
961 979 1032 1020 ob-

230 1053 328 1093 orta
360 1050 495 1093 fuerit

170 1123 382 1165 Oenotria
417 1123 542 1165 italia

173 1195 368 1237 Odorum
406 1195 520 1251 quod
560 1210 636 1250 per
669 1210 713 1237 se
754 1195 843 1237 olet
885 1194 1033 1237 odora-

230 1270 324 1309 tum
366 1268 481 1322 quod
521 1267 692 1309 aliunde
737 1267 897 1322 accipit
934 1267 1033 1309 odo-

390 1340 602 1382 odoratur

229 1411 428 1466 sequitur

169 1483 328 1526 Odium
360 1483 607 1526 inueterata
638 1484 704 1527 ira

115 1567 145 1593 15
167 1556 296 1611 Opim
328 1556 510 1611 nimpha

169 1628 285 1683 Opes
320 1642 473 1670 census
507 1627 659 1681 diuitieg
717 1639 721 1643 ·

169 1700 259 1755 Ops
293 1702 411 1742 terra
443 1714 553 1741 uxor
586 1701 752 1742 saturni

228 1354 320 1381 rem
675 1340 788 1395 quod
856 1340 1032 1382 odorem

168 1771 336 1827 Opinor
368 1771 559 1813 arbitror

169 1844 363 1887 Orbatus
404 1847 631 1900 separatus
675 1846 874 1900 priuatus
915 1846 1028 1888 filios

228 1916 434 1958 amittens
468 1920 623 1959 exutus
662 1918 857 1960 nullatus
891 1916 1028 1975 (verba

229 2003 317 2043 sep.
339 2013 384 2018 —
405 1988 611 2031 amittens
631 1993 778 2044 postca
802 1990 895 2032 add.
923 1988 1029 2047 ml)

116 2074 150 2097 20
170 2060 304 2103 Orare
336 2063 482 2116 petere

171 2132 309 2189 Orgia
341 2147 463 2175 sacra
495 2133 622 2175 liberi

169 2204 327 2247 Ordior
358 2205 519 2260 incipio
553 2208 597 2248 et
629 2206 785 2262 loquor

170 2276 338 2319 Orabat
370 2277 632 2333 loquebatur
663 2279 775 2321 unde
810 2282 1006 2322 oratores

171 2347 332 2391 Orator
363 2349 433 2391 uir
463 2349 602 2392 bonus
636 2350 789 2394 doctus
822 2352 989 2407 peritus

115 2433 148 2458 25
170 2420 353 2463 Oscines
387 2436 489 2464 aues
516 2437 598 2477 que
626 2436 698 2464 ore
729 2424 878 2466 futura
910 2440 1029 2480 prae·

228 2493 378 2535 dicunt

167 2563 328 2607 Ouatio
362 2566 506 2608 minor
538 2566 786 2622 triumphus

168 2708 346 2751 Pariter
377 2709 581 2752 similiter

166 2780 303 2823 Pauio
336 2782 472 2824 tundo

167 2852 315 2895 Patuli
359 2854 496 2896 bobes
537 2855 611 2909 qui
656 2870 819 2898 cornua
857 2856 1030 2899 diuersa

226 2925 392 2967 habent

113 3010 149 3035 30
170 2997 304 3039 Parce
338 2997 510 3040 dimitte

169 3069 324 3112 Parius
355 3069 467 3125 lapis
495 3070 827 3114 candidissimus
854 3072 1028 3115 nomine

230 3140 393 3197 ligdius

1845 145 1932 186 555

1070 257 1323 299 Palamedes
1357 257 1524 298 inuenit
1557 271 1659 298 usus
1694 256 1840 297 tabule

1069 329 1239 372 Pauens
1273 332 1452 372 exctusa

1069 400 1285 457 Pantagia
1317 400 1476 443 fluuius
1511 401 1649 456 sicilie

1070 472 1242 515 Pachus
1276 488 1453 528 grassus
1486 472 1662 529 pinguis

1072 545 1340 600 Parumpum
1373 545 1586 599 paulatim

1071 615 1279 658 Patulum
1313 617 1427 671 quod
1460 631 1537 671 per
1570 632 1614 658 se
1648 619 1771 672 patet

1071 688 1231 730 Patens
1266 689 1381 743 quod
1414 688 1609 743 aperitur
1642 691 1685 730 et
1719 688 1933 731 clauditur

1072 760 1194 802 Palla
1239 760 1466 802 muliebris
1512 760 1647 802 uestis
1688 775 1824 816 usque
1865 762 1933 803 ad-

1131 832 1322 888 uestigia

1073 905 1218 947 Pallas
1259 904 1462 947 sindones
1503 905 1570 946 uel
1609 905 1930 960 coopertorium
1952 912 1988 936 40

1132 976 1284 1019 altaris

1071 1049 1232 1092 Panios
1265 1049 1496 1091 tramarios
1521 1049 1590 1091 uel
1624 1049 1699 1091 ubi
1735 1049 1810 1091 fila
1842 1050 1931 1091 uol-

1131 1124 1294 1163 uuntur
1326 1121 1469 1177 ingiro

1071 1193 1242 1249 Papilio
1306 1208 1464 1235 nomen
1523 1194 1683 1236 uermis
1741 1195 1932 1236 uolantis

1132 1266 1274 1308 dictus
1326 1265 1639 1308 asimilitudine
1698 1266 1931 1322 papilionis

1132 1338 1245 1380 idest
1278 1337 1458 1380 tentorii

1071 1410 1275 1453 Pactolus
1315 1412 1357 1452 et
1395 1410 1572 1452 hermus
1606 1416 1649 1452 et
1689 1414 1818 1468 tagus
1858 1412 1933 1453 flu-

1131 1483 1250 1524 mina
1283 1497 1436 1524 aurum
1470 1482 1652 1524 trahunt

1070 1554 1274 1610 ''³²Papirio
1314 1554 1427 1596 idest
1466 1554 1651 1609 epistole
1692 1556 1760 1597 uel
1801 1572 1933 1599 naues

1129 1630 1173 1669 et
1204 1627 1481 1681 intellegitur
1511 1641 1669 1669 nomeu
1704 1628 1798 1670 abis
1839 1644 1935 1685 pro-

1130 1702 1228 1756 pter
1260 1699 1539 1741 uelocitatem

1069 1772 1222 1814 Petule
1254 1771 1502 1814 meretrices

1068 1844 1249 1887 Pestum
1282 1843 1492 1899 oppidum
1527 1844 1715 1886 calabrie

1069 1917 1284 1972 Pergama
1317 1915 1464 1958 omnia
1496 1917 1587 1959 alta
1619 1917 1789 1959 edificia

1069 1988 1277 2032 Pellicere
1310 1988 1572 2032 blandiendo
1606 1988 1803 2044 decipere

1069 2062 1286 2118 Pergama
1324 2076 1401 2103 arx
1444 2061 1556 2103 troie
1603 2064 1647 2104 et
1689 2076 1765 2117 per
1805 2077 1929 2103 usum

1130 2148 1279 2175 omnes
1314 2148 1434 2176 arces
1466 2148 1676 2190 pergama
1708 2132 1912 2176 dicuntur

1069 2205 1181 2247 Pero
1215 2205 1427 2247 rusticum
1461 2206 1795 2248 calciamentum
1949 2210 1983 2234 5⁰

1070 2277 1282 2320 Perfacile
1314 2278 1440 2320 ualde
1474 2278 1562 2320 cito
1594 2278 1751 2320 leuiter

1068 2350 1329 2406 Peregrinus
1364 2352 1594 2392 extraneus
1628 2351 1794 2393 alienus

1068 2422 1365 2477 Peripetasma
1397 2437 1555 2465 nomen
1588 2423 1724 2465 uestis

1068 2494 1184 2537 Pedo
1214 2494 1287 2549 qui
1314 2494 1505 2550 pedestri
1529 2495 1678 2537 ordine
1705 2495 1828 2536 uadit
1855 2510 1930 2536 sen

1128 2566 1291 2609 animal
1332 2566 1481 2609 oculos
1526 2567 1693 2610 habens
1735 2567 1781 2609 in
1815 2567 1930 2622 pedi-

1129 2640 1210 2681 bus
1235 2639 1304 2680 uel
1326 2638 1485 2680 animal
1508 2641 1739 2681 cornutum
1765 2638 1929 2681 habens

1127 2711 1351 2766 inpectore
1392 2711 1541 2753 oculos
1580 2714 1629 2753 ut
1668 2711 1929 2767 augustinus

1128 2782 1234 2825 dicit
1277 2783 1323 2824 in
1368 2782 1493 2825 siluis
1537 2782 1742 2825 habitans
1782 2786 1825 2824 et
1868 2783 1929 2824 in-

1129 2853 1328 2897 octobrio
1350 2868 1496 2896 mense
1518 2855 1617 2910 igne
1639 2855 1706 2897 sui
1734 2855 1928 2911 gutturis

1129 2925 1320 2968 incendit
1353 2925 1488 2968 silbas

1067 2998 1206 3040 Penas
1240 2996 1401 3039 dabitis
1436 2997 1712 3040 sustinebitis
1948 3003 1982 3029 55

1068 3069 1242 3112 Pithius
1296 3073 1363 3111 est
1414 3070 1560 3125 apollo
1613 3070 1781 3125 apithio
1839 3085 1929 3113 ser-

1127 3144 1257 3198 pente

1945 1777 1980 1802 45
