2221 3490
669 184 925 221 EXOERPTA
950 184 1013 219 EX
1041 183 1212 220 CODICE
1239 183 1520 219 CASSINENSI
1546 186 1592 219 90

314 295 383 338 1113
434 296 502 338 1161
554 295 857 337 31161103661616
906 293 1111 336 contami-

316 370 446 409 natur

261 437 508 481 Scelerosus
542 438 616 493 qui
647 437 814 493 patitur

260 507 489 565 Spectatus
521 512 786 565 prouocatus

261 579 445 635 Spercus
477 595 637 622 nomen
668 581 753 623 laci
785 580 1016 622 siciliensis

261 650 493 706 Sperchius
530 652 669 694 amnis
702 654 768 693 est

223 737 240 762 5
262 721 493 777 Speculare
526 723 576 764 de
610 723 701 764 altu
734 722 946 777 respicere

261 793 518 849 Speculator
549 793 595 837 ‘si‘-
627 794 819 835 intentor

260 863 465 920 Sperulas
497 866 543 907 in
575 866 751 908 modum
778 879 901 920 spere
929 863 1114 906 rotunde

261 935 543 991 Sterquilinia
576 935 857 992 scopiliarum
890 951 1068 978 aceruus

260 1006 477 1062 Strepitus
511 1009 631 1051 uocis
664 1008 758 1063 pari
791 1007 1023 1049 mormoris

207 1094 241 1119 10
262 1077 413 1121 Sibola
445 1079 644 1121 collectio
677 1093 953 1121 nummorum

263 1149 383 1192 Sicili
417 1152 622 1193 sudorum

262 1220 489 1278 Sigmenta
537 1225 682 1265 uestes
727 1221 921 1264 mulieris
971 1221 1115 1263 lauate

319 1293 525 1335 interiore
557 1296 681 1349 parte

263 1363 442 1406 Silanan
474 1365 603 1407 tubos

262 1434 380 1477 Sima
411 1436 532 1478 locus
565 1436 735 1492 prandii

208 1521 241 1547 15
262 1506 536 1562 Simpolones
570 1509 752 1550 conuiue

261 1578 526 1634 Simposium
542 1581 612 1622 uel
633 1579 928 1635 simphonium
943 1579 1117 1635 enigma

321 1651 435 1706 quod
450 1651 674 1694 firmianus
689 1654 733 1694 et
753 1651 989 1694 lactantius
1007 1666 1117 1693 com-

318 1726 557 1778 posuerunt

261 1792 414 1836 Simila
448 1795 636 1837 medulla
666 1795 877 1837 frumenti

261 1865 514 1922 Singultum
546 1867 824 1923 subgluttum

261 1936 441 1980 Sinarus
475 1938 661 1980 uitiosus

206 2024 240 2049 20
262 2008 518 2066 Singizitem
540 2025 591 2052 ex
614 2009 748 2051 uariis
775 2010 956 2064 pedibus
980 2010 1117 2052 ueluti

320 2081 366 2123 in
378 2097 512 2123 unum
532 2081 684 2136 pedem
699 2080 882 2123 collecta
897 2080 1116 2123 conclusio

263 2151 526 2195 Sinthronus
560 2166 787 2195 consessor
1072 2158 1077 2162 '

262 2223 414 2266 Sinum
453 2239 530 2266 uas
569 2223 771 2279 uirgilius
810 2224 953 2266 sinum
988 2224 1115 2266 lactis

321 2300 364 2338 et
388 2296 469 2350 1166
496 2299 538 2337 te
566 2295 654 2336 liba
679 2294 829 2350 priape
857 2298 964 2351 quot
991 2296 1114 2337 annis

263 2367 422 2423 Sipnus
454 2381 694 2422 pronomen

263 2438 367 2481 Sina
398 2453 598 2495 egressus
629 2437 804 2480 uenitur

207 2523 240 2550 25
262 2509 446 2553 Scinifes
475 2509 662 2552 culicum
687 2523 823 2565 genus
851 2504 1117 2565 aculeis‘per

320 2582 554 2624 molestum

263 2652 419 2696 Scinda
452 2655 571 2696 secta

263 2724 446 2768 Scinifes
479 2739 624 2767 musce
658 2723 949 2767 minutissime

263 2796 462 2852 Scitrope
495 2811 572 2839 uas
605 2796 738 2852 figule
770 2797 877 2851 pede

263 2867 447 2923 Sciphus
481 2868 525 2910 111
559 2882 644 2923 (1110
677 2882 830 2909 manus
861 2868 1058 2911 lauamus

208 2952 243 2978 30
263 2937 413 2995 Scirpa
437 2939 511 2995 qui
531 2939 700 2995 antiqui
721 2939 851 2981 storis
880 2941 1117 2984 utebantur

322 3025 404 3066 (1116
438 3012 488 3053 de
521 3011 663 3066 scirpo
696 3011 807 3052 fiunt

264 3082 416 3125 Scriba
451 3082 580 3124 huius
620 3082 760 3137 3611116
799 3082 908 3138 legis
949 3084 1116 3140 peritus

276 3210 281 3214 ἡ
320 3155 432 3210 legis
465 3155 616 3197 doctor

1914 182 1999 222 579

1153 292 1305 336 Scribo
1332 292 1460 335 huius
1488 292 1701 335 scribonis
1722 291 1909 346 scriptor
1930 290 2003 345 qui

1211 365 1398 407 scribere
1435 363 1517 406 scit

1152 434 1352 491 Scripula
1385 435 1574 490 epistula

1153 506 1308 562 Spicus
1341 506 1459 561 spica

1153 578 1282 633 Spica
1314 576 1474 620 celtiua
1505 576 1647 631 spicas
1682 576 1823 631 aglole
2027 585 2061 611 35

1153 649 1360 704 Spinther
1387 648 1567 689 fibulam
1594 646 1640 688 in
1664 648 1856 688 numeris
1878 646 2008 702 signi-

1211 722 1312 762 ficat
1344 723 1419 761 aut
1451 718 1644 761 armillas

1153 791 1258 847 Spix
1291 806 1441 848 graece
1473 790 1608 832 latine
1642 789 1818 832 scrabro

1154 863 1323 918 Squilla
1355 862 1470 917 quod
1501 875 1661 904 nocens
1695 861 1754 902 sit

1155 934 1280 990 Stiga
1311 934 1458 976 tunica

1155 1005 1280 1062 Stigo
1313 1004 1534 1060 distinguo
2028 1013 2063 1037 40

1155 1077 1275 1134 Stige
1318 1077 1429 1119 hanc
1468 1076 1513 1117 in
1555 1075 1873 1131 significatione
1916 1075 2009 1116 auis

1214 1149 1332 1191 dicas

1156 1219 1284 1263 Stilio
1325 1234 1460 1276 genus
1493 1221 1560 1260 est
1601 1218 1814 1273 serpentis
1854 1218 2010 1260 similis

1214 1292 1373 1334 lacerte

1156 1362 1286 1406 Stiles
1321 1363 1474 1418 stipies
1507 1362 1646 1403 fustes

1157 1435 1353 1491 Stipulor
1386 1435 1508 1476 abste
1542 1449 1620 1489 pro
1653 1433 1877 1488 interrogo
1910 1435 1953 1474 te

1156 1506 1374 1550 Stirillum
1406 1506 1542 1548 braba
1575 1520 1700 1561 capre
2030 1513 2064 1537 45

1156 1577 1381 1635 Strigosus
1414 1577 1671 1620 macilentus

1157 1650 1406 1707 Stringilles
1440 1648 1699 1705 astergendo
1734 1663 1866 1703 equos

1157 1721 1367 1764 Sobrinus
1398 1721 1545 1777 patrui
1579 1720 1727 1777 magni
1757 1720 1873 1762 filius

1157 1793 1315 1836 806603
1348 1793 1551 1836 631610103
1585 1793 1655 1834 1161
1688 1793 1832 1834 furma

1157 1864 1402 1908 Somanites
1436 1879 1585 1908 comea
2031 1872 2065 1897 50

1157 1936 1367 1979 Soristica
1394 1952 1464 1978 ars
1491 1939 1797 1992 argumentum
1822 1935 2012 1991 philoso-

1215 2009 1402 2064 phorum

1158 2079 1413 2122 Scotomata
1443 2080 1635 2136 uirgines

1157 2151 1368 2207 Scopulus
1401 2152 1679 2194 meretricum
1713 2154 1882 2192 amator

1156 2222 1336 2279 Scorpio
1390 2223 1545 2265 bellica
1590 2238 1658 2265 res
1702 2226 1769 2264 est
1814 2222 2010 2277 scorpius

1214 2296 1374 2338 animal

1156 2367 1363 2422 Sportula
1393 2369 1594 2422 paratum
1626 2366 1856 2421 prandium
2031 2379 2065 2404 55

1157 2438 1380 2494 Spondeus
1415 2438 1664 2481 sacrificalis

1157 2510 1423 2565 Strophades
1457 2510 1600 2551 insula
1631 2509 1738 2551 ionii
1771 2509 1903 2550 maris

1157 2581 1412 2638 Strophium
1456 2584 1523 2623 est
1568 2581 1789 2637 cingulum
1832 2595 2010 2622 aureum

1214 2669 1312 2696 cum
1345 2653 1529 2710 gemmis

1156 2724 1333 2767 Suantis
1365 2724 1625 2766 luxuriantis

1156 2795 1265 2838 Suae
1298 2796 1479 2851 porcina
2029 2809 2062 2834 ευ

1156 2868 1439 2910 Suburbanus
1473 2881 1576 2923 ager
1609 2868 1688 2909 sub
1722 2867 1857 2909 muris
1897 2866 2010 2922 posi-

1214 2943 1285 2981 tus
1317 2939 1439 2982 urbis

1156 3009 1396 3053 Subnectat
1428 3011 1659 3066 subportat

1156 3082 1384 3138 subsequa
1416 3082 1652 3125 subsedens

1156 3153 1348 3197 Submisi
1380 3153 1595 3210 supplices

1654 3228 1697 3259 37
1708 3224 1724 3243 ²¹¹
