2175 3428
694 136 1004 171 GLOSSARIVM
1033 137 1173 173 AMPL.
1203 137 1469 172 SECVNDVM

201 246 344 288 Atrox
377 246 516 288 malus
550 261 678 288 seuus
711 246 781 287 uel
814 246 1044 288 innaturus

201 317 311 360 Ater
342 318 467 375 niger

206 390 394 433 Antenet
426 390 618 446 pertinet

200 463 373 504 Attomi
397 462 644 504 tenuissimi
669 461 871 516 pulueres
899 459 973 514 qui
1000 460 1061 500 in—

260 534 437 576 radibus
472 535 683 588 apparent
716 531 820 574 solis

164 617 180 641 3
200 606 431 648 Atellanus
490 607 665 647 cantore
726 603 1060 659 campaniatella

261 679 376 721 enim
410 678 566 721 ciuitas
600 679 666 718 est
697 676 743 717 in
775 675 1003 729 campania

198 751 449 793 Attaminat
479 749 682 804 inquinat

199 823 376 865 Atrium
419 819 934 877 quadriporticum-idest
976 833 1060 860 me-

259 895 431 936 saulum

201 966 369 1022 Atquin
402 969 532 1021 atque
565 964 662 1007 ideo
694 964 765 1005 uel

199 1038 326 1081 Atrio
362 1053 508 1081 coram
540 1037 712 1093 portico

148 1120 180 1143 10
199 1110 323 1152 Atris
356 1109 555 1152 faucibus
588 1108 746 1150 inferni
779 1106 919 1163 nigris

198 1181 415 1224 Athalans
449 1196 574 1224 mons
609 1179 844 1222 mauritani

198 1254 433 1296 Attinutus
466 1253 642 1295 subtilis

199 1326 429 1369 Attonitus
462 1326 657 1368 intentus

197 1398 308 1441 Atta
341 1398 571 1455 quiprimis
604 1397 768 1453 plantis
804 1397 1001 1439 ambulat

147 1479 179 1503 15
198 1469 402 1513 Attridae
426 1470 844 1527 filiaregisalemnon
864 1472 908 1511 et
929 1469 1061 1510 mine—

259 1543 354 1585 laus

198 1614 361 1658 Auium
382 1618 598 1658 secretum
619 1615 689 1657 uel
717 1615 847 1670 longe
868 1614 1062 1669 positum

258 1688 328 1730 uel
361 1688 529 1730 inuium

197 1758 387 1802 Auctam
419 1761 674 1816 ampliatam

197 1831 461 1874 Auctionem
494 1832 791 1874 uenditionem

198 1904 382 1961 Aurugo
409 1904 534 1946 dolor
562 1907 629 1945 est
656 1906 699 1945 et
726 1903 940 1945 caloreius
974 1902 1061 1957 gal—

259 1976 457 2032 gimnum

145 2057 179 2081 20
198 2046 452 2090 Aueruncat
485 2048 647 2090 auertit·
680 2048 822 2089 aliena

197 2118 456 2162 Auctiumat
513 2120 719 2162 aestimat
769 2119 929 2162 dicitur
984 2133 1061 2161 no-

258 2192 398 2234 minat

197 2262 346 2306 Auitis
380 2265 572 2320 antiquis

198 2335 289 2377 Aut
320 2336 455 2378 immo

197 2406 352 2450 Auena
427 2409 917 2451 herbamessibusnoxia

259 2481 447 2536 agrestis

143 2563 177 2588 25
199 2552 314 2594 Auet
348 2553 468 2608 cupit
501 2553 663 2609 gaudet

197 2623 413 2667 Autumet
446 2625 563 2668 dicat

198 2694 315 2738 Aula
347 2697 502 2740 domus
535 2698 658 2754 regia
689 2698 759 2739 uel
791 2697 988 2752 proatrio

199 2767 337 2810 Aulea
370 2783 506 2824 genus
540 2770 810 2811 curtinarum

991 2408 1061 2449 uel

202 2839 371 2882 Aurora
402 2842 844 2897 matutinumtempus
871 2841 957 2884 diei
983 2841 1060 2884 im'-

260 2912 370 2953 tium
397 2912 467 2954 uel
493 2913 631 2955 nubes
657 2914 788 2955 rubes
818 2914 1059 2956 antesolem

145 2996 179 3021 30
198 2982 353 3025 Austri
384 2984 524 3026 nimbi
558 2985 686 3027 aliter
717 2986 838 3027 uenti

1101 246 1335 303 Augurans
1368 248 1599 290 hominans

1101 318 1300 362 Auencat
1333 320 1523 363 eradicat

1099 390 1287 433 Auleum
1321 392 1469 433 fielum

1099 462 1301 518 Augures
1335 464 1409 518 qui
1442 464 1673 519 augurium
1705 464 1938 506 intendunt

1098 532 1255 575 Ausim
1289 534 1510 577 audaciter
1978 549 2012 573 35

1100 605 1252 661 Angor
1273 607 1452 661 quiaues
1474 607 1578 649 colit
1600 608 1672 662 qui
1692 623 1769 662 per
1790 607 1958 665 auspil)

1159 678 1307 720 auium
1339 694 1468 721 uoces

1100 750 1490 792 Auctoramentum

1158 823 1476 865 benedictionis

1098 894 1258 937 Auctio
1293 897 1563 937 crementum

1102 967 1359 1009 Auctoratio
1393 966 1640 1009 benedictio
1673 981 1774 1008 nam
1807 968 1960 1009 subto-

1159 1040 1329 1081 ratione
1381 1043 1483 1081 sunt
1534 1038 1791 1094 glatiatores
1839 1040 1960 1094 quise

1158 1111 1341 1153 fendunt
1374 1111 1635 1153 benedicunt

1099 1183 1356 1238 Auspicium
1371 1184 1484 1225 idest
1497 1182 1823 1237 abinspiciendo
1836 1182 1960 1224 nauis
1981 1197 2016 1220 -ιο

1157 1256 1362 1298 nuntium
1408 1256 1522 1311 quod
1573 1255 1700 1296 inaue
1752 1253 1962 1309 aspicitur

1608 751 1959 805 ipsaresuocatur

1159 1328 1386 1370 ueluotum
1420 1329 1490 1370 uel
1524 1326 1756 1383 augurium

1099 1400 1260 1443 Auitus
1278 1400 1484 1443 subaudis
1500 1404 1654 1456 utegre
1671 1414 1799 1453 quem
1815 1413 1960 1454 posse-

1160 1473 1225 1514 dit
1259 1473 1366 1515 obos

1100 1544 1348 1601 Augurium
1382 1544 1509 1600 signa
1537 1544 1683 1585 auium
1715 1544 1960 1586 uolantium

1100 1617 1372 1660 Autiuncula
1404 1617 1548 1658 auctio
1582 1616 1700 1658 mino
1734 1620 1783 1658 ut
1816 1632 1963 1672 supra-

1160 1689 1343 1746 fundum

1100 1749 1413 1804 Auctionarius
1448 1761 1633 1816 quiemit

1100 1833 1352 1890 Augustum
1387 1833 1655 1888 amplificum
1981 1845 2015 1868 4⁵

1100 1905 1394 1948 Auctionatur
1427 1905 1673 1947 auctionem
1706 1904 1813 1946 facit

1101 1977 1363 2019 Aurifodina
1396 1978 1623 2019 metallum

1100 2048 1254 2091 Austis
1287 2049 1452 2104 potatis
1486 2049 1666 2091 inanitis

1100 2121 1312 2177 Auspicia
1344 2121 1528 2178 auguria

1100 2193 1391 2250 Auspicantia
1422 2193 1673 2236 inchoantia
1981 2207 2016 2231 50

1103 2267 1382 2309 Aurifamens
1415 2265 1602 2308 auaritia
1635 2265 1729 2307 auri

1102 2339 1501 2381 Autornamcntum
1533 2338 1733 2379 fidutiam

1102 2410 1194 2452 Aut
1227 2426 1350 2454 secus
1383 2411 1602 2453 nonaliter

1099 2482 1267 2525 Austus
1301 2483 1464 2525 fluenta

1098 2554 1309 2597 Auxessis
1343 2558 1627 2611 augmentum

1099 2627 1335 2669 Aurimant
1368 2628 1601 2669 adfirmant

1099 2699 1296 2741 Ausonia
1328 2699 1452 2741 italia

1099 2771 1282 2813 Ausiliis
1315 2772 1545 2826 praesidiis

1099 2844 1320 2885 Auexerat
1352 2846 1661 2899 exportauerat

1097 2914 1287 2956 Auerrat
1320 2915 1540 2956 abalienat
1572 2915 1640 2956 uel
1675 2917 1848 2956 auertat
1978 2928 2012 2953 ου

1980 2567 2016 2592 55

1099 2987 1282 3028 Auitum
1309 2986 1527 3028 canticum
1555 2987 1625 3027 uel
1652 2986 1813 3028 donum
1841 2986 1958 3028 auiffi

298 3139 332 3183 1)
360 3142 446 3184 post
472 3138 582 3184 auspi
609 3139 745 3174 lacuna
770 3143 793 3173 9
820 3140 895 3182 sere
921 3140 1129 3175 litierarmn
1154 3140 1283 3175 relicta
1308 3142 1319 3184 ΙΙ
