2221 3490
640 128 896 164 EXCERPTA
923 129 986 162 EX
1013 128 1185 164 CODICE
1212 128 1493 164 CASSINENSI
1521 133 1565 163 90

225 238 443 280 Deuotare
501 238 762 293 exprobrare
826 238 1081 281 maledicere

283 310 457 365 proprie
491 312 638 351 tamen
665 312 731 352 est
764 312 868 352 uoto
902 325 947 351 se
976 310 1081 352 obli-

283 396 386 437 gare

222 453 530 495 Dementatam
564 454 745 495 stultam
780 454 941 495 factam

222 524 422 566 Debellio
457 525 639 567 rebelles

222 595 418 637 Delictus
451 597 677 638 ueruclatu
712 611 840 651 quem
873 596 1024 638 dicunt

184 680 200 705 5
220 666 592 709 Declamatorium
624 668 763 709 altum

220 738 432 780 Detexere
454 739 640 780 multum
668 742 812 781 texere
840 740 963 782 finire
985 756 1075 795 per-

248 837 250 839 >
279 810 405 852 ficere

219 880 548 924 Deuerticulum
568 882 690 924 locus
712 897 835 924 secus
857 883 974 925 uiam
1004 884 1077 926 ubi

279 955 513 995 causantur
545 954 615 996 uel
649 954 808 1009 ospitia

222 1024 467 1080 Despicatis
501 1025 733 1081 patefactis
761 1027 960 1082 abruptis
994 1029 1077 1084 spi-

278 1096 433 1139 culatis

218 1168 438 1211 Deuncem
484 1170 631 1212 decem
682 1170 832 1213 uncias
878 1172 1076 1215 diune-em

277 1239 477 1282 undecim

166 1327 198 1351 ιο
219 1311 430 1353 Detentat
463 1313 623 1355 retinet

217 1383 443 1426 Defecatio
476 1386 626 1440 purior
660 1387 844 1429 lucidior

217 1455 527 1510 Depelliculari
584 1458 779 1514 decipere
837 1459 1000 1501 dictum
1053 1475 1077 1501 a

275 1527 533 1582 pelliciendo

218 1598 427 1641 Desultor
470 1602 542 1656 qui
582 1602 633 1643 de
679 1617 789 1657 equo
834 1603 878 1644 in
918 1618 1075 1658 equum

273 1671 451 1713 transiit

215 1742 477 1786 Defensores
516 1745 631 1787 idem
669 1749 773 1788 sunt
806 1746 879 1801 qui
918 1749 962 1788 et
1001 1746 1074 1788 tri-

274 1815 381 1857 buni
415 1816 519 1858 dicti
554 1817 800 1861 defensores
835 1819 947 1873 quod
989 1819 1074 1873 ple-

275 1887 375 1929 bem
409 1887 495 1930 sibi
525 1889 800 1931 commissam
830 1893 982 1932 contra
1014 1890 1075 1931 in-

277 1960 511 2002 solentiam
528 1960 828 2016 improborum
844 1962 1076 2005 defendant

274 2035 320 2074 at
343 2034 496 2075 contra
514 2048 627 2075 nunc
649 2034 823 2089 quidam
849 2050 1074 2077 auersores

272 2119 361 2146 non
393 2104 641 2147 defensores
675 2106 870 2148 existunt

163 2190 194 2215 15
214 2175 456 2230 Decuplum
480 2177 628 2219 decem
654 2180 824 2232 partem
852 2178 1073 2235 significat

215 2246 459 2302 Degulator
490 2249 590 2305 gule
624 2249 795 2292 deditus

212 2317 427 2361 Deinante
457 2320 505 2361 in
537 2320 632 2376 ipso
666 2322 733 2364 die

211 2389 425 2432 Decatum
458 2392 716 2435 deuocatum

212 2462 379 2504 Diatim
410 2478 486 2519 per
518 2464 715 2520 singulos
748 2466 838 2508 dies

159 2551 193 2574 ευ
213 2534 355 2576 Diana
387 2535 465 2577 dea
498 2550 573 2577 seu
606 2537 824 2579 cotidiana

212 2606 420 2650 Dicarum
453 2607 693 2650 dictionum

214 2679 342 2721 Dicta
375 2679 529 2721 sellula

211 2751 374 2793 Dicaus
407 2751 519 2793 dabo
553 2750 745 2794 tribuam

213 2823 429 2865 Diexedus
463 2838 614 2866 cursus
649 2839 860 2879 aquarum

156 2907 192 2934 25
212 2894 385 2936 Difrum
418 2895 611 2937 tribunal
642 2896 879 2939 eburneum
911 2897 957 2940 in
984 2913 1069 2953 quo

271 2966 470 3008 consules
503 2967 655 3008 sedent

212 3037 393 3080 Dilebor
425 3037 655 3080 immemor

213 3110 415 3152 Diluculo
450 3110 695 3153 aluescente
729 3112 821 3166 celo

1895 131 1978 172 567

1121 238 1368 294 Dilargitur
1401 239 1527 280 ualde
1560 239 1747 294 largitur

1120 310 1320 352 Diribere
1354 311 1626 352 dinumerare

1119 382 1288 424 Dissice
1313 383 1417 424 tolle
1434 381 1633 437 disperge
1654 397 1804 437 rumpe
1826 382 1978 438 frange
2000 395 2033 418 30

1119 452 1384 495 Disciuitum
1418 453 1683 495 disiunctum

1118 524 1391 567 Disserasset
1424 525 1736 567 disserenasset

1119 596 1382 651 Dispeseant
1416 596 1581 637 distant

1118 667 1348 722 Disceptat
1380 666 1565 722 dissipat

1118 739 1359 794 Discriptio
1393 739 1604 781 scrutatio
1639 740 1706 780 uel
1740 740 1977 794 quinantur
1997 751 2031 776 35

1117 811 1474 866 Dissequentium
1508 810 1851 852 discordantium

1118 883 1354 924 Diuendita
1386 882 1524 924 diuise
1559 882 1738 923 uendita

1116 955 1294 996 Diuisus
1347 954 1513 997 diuisus
1560 956 1739 1008 quartae
1790 954 1974 996 declina-

1176 1025 1309 1067 tionis

1116 1098 1329 1140 Diuncem
1362 1097 1564 1139 undecim
1597 1097 1744 1138 uncias

1116 1169 1361 1211 Diuersatis
1395 1169 1440 1210 in
1472 1169 1568 1211 loco
1601 1169 1735 1223 positi
1993 1181 2027 1204 40

1116 1241 1384 1283 Diuaricatis
1419 1240 1527 1282 satis
1561 1240 1773 1295 separatis

1117 1313 1316 1354 Dotatim
1349 1312 1653 1354 habundanter

1116 1384 1378 1440 Dogmatizo
1412 1385 1595 1426 decerno
1629 1398 1782 1426 censeo

1116 1456 1391 1498 Domuncula
1424 1456 1680 1498 conclauum
1714 1457 1866 1498 domus

1115 1528 1355 1570 Donarium
1389 1527 1690 1584 gazofilacium
1994 1542 2028 1565 45

1114 1600 1390 1642 Dromedarii
1425 1614 1621 1642 cursores

1115 1672 1307 1714 Dubium
1342 1672 1490 1727 quidni
1523 1672 1731 1727 numquid
1765 1672 1946 1714 dubium

1114 1743 1238 1786 Duca
1271 1744 1459 1786 formula

1113 1815 1293 1857 Duanus
1327 1817 1520 1871 gaudens

1114 1886 1256 1929 Ducto
1303 1888 1496 1943 auspicio
1543 1903 1594 1929 ex
1639 1887 1788 1930 diuina
1832 1888 1972 1943 requi·
1991 1900 2026 1926 50

1174 1958 1332 2001 sitione

1113 2031 1282 2073 Duellis
1314 2034 1525 2087 tyrannus

1113 2102 1287 2145 Duellio
1327 2107 1548 2160 pugnator
1588 2103 1871 2160 belligerator
1911 2120 1971 2146 re-

1172 2174 1297 2216 uellis

1111 2246 1267 2288 Duerit
1300 2247 1467 2290 dederit

1110 2317 1227 2360 Duet
1259 2319 1331 2361 det

1110 2389 1250 2432 Duem
1284 2391 1381 2433 dem
1989 2405 2023 2430 55

1109 2461 1256 2504 Duent
1289 2463 1392 2505 dent
1424 2465 1493 2506 uel
1526 2464 1729 2506 imbuunt

1109 2533 1218 2576 Duis
1259 2535 1364 2577 duas
1410 2552 1479 2578 res
1525 2536 1745 2592 signifieat
1786 2552 1885 2578 nam
1925 2540 1968 2578 et

1168 2622 1247 2661 pro
1271 2607 1336 2649 dis
1364 2609 1608 2663 ponebatur
1627 2611 1671 2650 et
1698 2623 1777 2664 pro
1799 2608 1966 2650 dederis

1109 2679 1216 2721 Duit
1249 2679 1367 2722 dedit

1108 2752 1313 2808 Dumquo
1346 2753 1538 2807 adusque
1570 2752 1640 2794 uel
1673 2752 1807 2794 donec

1109 2824 1224 2866 Dum
1258 2825 1353 2867 dico
1387 2824 1463 2879 qui
1500 2823 1584 2865 tibi
1623 2823 1726 2865 fecit
1761 2823 1966 2865 iniuriam
1987 2836 2021 2860 6⁰

1167 2911 1324 2938 nomen
1354 2898 1420 2938 est
1448 2899 1492 2937 et
1518 2896 1554 2938 si
1581 2895 1720 2937 dicam
1742 2895 1816 2950 qui
1842 2894 1966 2937 uenis

1169 2967 1424 3009 aduerbium
1456 2970 1522 3009 est
1554 2982 1632 3022 pro
1665 2967 1776 3009 unde

1108 3039 1378 3082 Duracinum
1412 3039 1575 3080 malum
1612 3037 1830 3094 persicum
1866 3038 1965 3081 dici-

1168 3113 1240 3152 tur
1272 3111 1387 3166 quod
1419 3126 1598 3167 pomum
1632 3111 1723 3153 eius
1757 3111 1916 3153 referat
