2221 3490
219 147 305 188 563
634 141 883 176 ΙῦΧΟΕΗΡΤΑ
911 140 975 174 EX
1001 139 1176 175 CODIOE
1205 137 1485 174 CASSINENSI
1512 141 1556 170 90

219 255 364 310 Eapse
399 270 447 295 ea
482 255 569 308 ipse

222 326 462 368 Edentulus
497 325 587 365 sine
621 322 823 364 dentibus

221 397 379 440 Edulia
411 397 612 437 bromata
646 393 767 435 cibus

222 468 405 511 Edulius
441 468 723 520 consumptor
756 467 974 506 comestor

187 560 202 584 5
224 541 366 583 Edilla
398 538 606 581 uictualia

192 600 194 603 Ι
224 611 410 654 Edolum
444 612 662 652 comestor

224 683 523 725 Edocumenta
557 684 676 736 geste
711 682 938 734 segregate

224 754 405 796 Efutare
438 752 559 808 loqui
593 751 683 794 31113
716 751 902 792 ueritate

225 824 448 880 Effugium
481 825 600 866 locus
635 823 709 878 qui
747 821 985 878 fugientem
1020 837 1080 862 re-

286 896 432 951 cicipit

176 990 206 1012 10
226 969 368 1011 Eierit
400 968 560 1024 digerit

227 1040 379 1082 Eierat
411 1040 526 1081 iurat

229 1113 417 1154 Eleuoro
452 1112 559 1154 sitro

229 1184 472 1226 Eluxerunt
503 1184 621 1225 luere
655 1183 878 1224 cessarunt

230 1255 415 1297 Eludere
449 1255 729 1310 supplantare

179 1345 210 1370 15
230 1326 381 1369 Eluxit
412 1328 579 1369 luctum
611 1325 812 1382 deposuit

232 1399 332 1440 Elix
365 1399 589 1441 uasculum
629 1398 703 1440 ubi
740 1398 839 1438 lana
872 1395 1088 1451 tinguitur

234 1471 405 1512 Eluscis
440 1471 548 1513 eruli
582 1485 657 1512 seu
691 1472 865 1511 caterua

234 1542 378 1584 Ellum
414 1542 671 1584 coclearium

234 1614 396 1669 Empes
424 1614 491 1655 uel
513 1628 662 1668 empos
690 1611 921 1667 impatiens
949 1609 1090 1652 aniffis

181 1704 215 1728 κο
235 1685 560 1728 Emblematum
595 1684 788 1726 eminens
822 1683 1014 1725 scultura

234 1760 514 1802 Emblemata
572 1758 828 1798 ornamenta
886 1769 1092 1796 uasorum

295 1831 365 1872 uel
396 1828 694 1871 habundantia
814 1827 819 1830 ’

238 1901 540 1944 Emieandium
573 1914 649 1941 uas
684 1898 893 1940 olearium

238 1974 321 2016 Em
355 1972 544 2028 ingretio
579 1974 644 2013 est

240 2045 449 2087 Enecium
482 2042 676 2085 enecatio
715 2042 797 2083 1103
835 2043 901 2082 331
934 2039 1092 2082 0331310

299 2116 487 2158 hominis

187 2204 220 2228 25
241 2188 498 2231 Entecarius
531 2185 781 2241 negotiator

240 2261 360 2303 Enus
394 2273 522 2313 quam
556 2260 598 2298 et
632 2256 704 2298 ubi

242 2333 468 2386 Engausta
499 2330 676 2384 ingusta
708 2331 856 2369 exusta

242 2403 355 2445 Enix
389 2405 536 2457 aperte
569 2400 704 2453 libere

243 2474 506 2529 Epistolaris
541 2472 733 2527 disponis

190 2562 222 2585 ³0
242 2544 468 2601 Epytimio
491 2544 616 2600 epulo
639 2558 744 2598 cena
765 2542 832 2584 uel
855 2543 1098 2583 comesator

246 2617 517 2673 Epimerides
563 2615 800 2657 rationales
846 2612 994 2666 tabule
1039 2626 1105 2653 co-

309 2689 423 2731 dices
456 2688 558 2729 libri
591 2687 735 2740 littere

257 2761 470 2815 Equester
490 2760 609 2801 103113
631 2758 699 2799 1131
721 2757 825 2799 ordo
854 2758 902 2797 ut
928 2755 964 2796 si
991 2755 1106 2796 dicas

313 2833 386 2874 ille
407 2832 547 2873 honor
568 2832 766 2885 equester
787 2831 852 2870 est
873 2828 978 2869 item
1000 2826 1108 2868 mili-

311 2906 377 2944 tat
410 2903 482 2944 ille
517 2902 707 2957 equestri
741 2900 890 2942 ordine

251 2975 459 3029 Erisipila
491 2973 673 3028 putredo
708 2972 775 3014 uel
809 2971 950 3013 sanies
995 2986 997 2988 ’

252 3045 522 3087 Eructuabat
555 3044 707 3086 acorde
742 3042 906 3084 emittit

200 3131 231 3153 ε’ῑ·
250 3117 374 3159 Escit
407 3116 489 3157 erit

1116 249 1240 304 Euge
1261 262 1402 289 sermo
1425 246 1687 288 blandientis
1706 249 1772 287 est
1792 247 1860 287 uel
1885 262 1969 288 uox

1176 318 1524 374 congratulantis
1567 332 1641 359 seu
1684 317 1970 359 collaudantis

1176 390 1288 432 idest
1320 390 1427 431 bene
1462 390 1599 446 gaude

1118 461 1408 505 Exaetoribus
1442 460 1655 503 ministris
1689 462 1948 518 exgentibus

1116 534 1286 577 Exodia
1316 533 1363 575 in
1396 536 1516 575 texta
1547 533 1730 575 ridicula

1117 605 1439 661 Experiendum
1466 604 1894 660 experimentandum

1117 676 1478 720 Exorbitauerint
1511 676 1824 719 declinauerint
1862 691 1972 718 erra·
1993 689 2027 714 40

1177 749 1321 792 uerint

1119 823 1392 876 Exasperans
1441 819 1830 862 adamaritudinem
1880 834 1975 874 pro-

1179 907 1338 935 uocans

1121 965 1299 1006 Extales
1333 963 1540 1005 inferiora
1571 962 1685 1004 infra
1718 978 1849 1005 anum

1122 1035 1343 1078 Exanthlo
1371 1035 1570 1077 exinanio
1592 1036 1790 1078 examino
1819 1051 1977 1078 exauro

1183 1121 1344 1149 euacuo

1124 1179 1365 1222 Excubitor
1386 1179 1675 1221 cubicularius
1701 1179 1769 1221 uel
1790 1179 1979 1235 uigilans

1124 1323 1384 1366 Fabrateria
1409 1323 1561 1364 domus
1588 1322 1664 1364 ubi
1692 1321 1849 1365 fabrite
1880 1326 1982 1366 sunt
1999 1337 2035 1363 45

1127 1395 1371 1437 Fabonium
1392 1394 1538 1436 odium
1559 1395 1653 1436 leue
1675 1397 1718 1436 et
1739 1395 1831 1437 31113
1853 1410 1982 1438 eausa

1187 1467 1307 1509 uelut
1340 1482 1364 1508 a
1396 1469 1526 1508 uento
1561 1466 1791 1509 collectum

1129 1539 1313 1582 Fabrica
1346 1541 1518 1580 constat

1129 1611 1400 1654 Faleastrom
1451 1625 1583 1652 runco
1631 1625 1655 1651 a
1700 1609 1983 1652 similitudine

1188 1682 1312 1731 falcis

1132 1755 1282 1797 Falees
1322 1753 1434 1808 quod
1480 1753 1547 1795 his
1589 1754 1778 1808 primum
1823 1754 1985 1796 milites

1189 1826 1371 1868 herbam
1424 1825 1584 1867 filicem
1636 1826 1889 1868 aseidebant
1939 1829 1987 1868 ut

1190 1897 1297 1939 illud
1329 1911 1413 1952 pax
1446 1911 1513 1939 me
1547 1900 1665 1939 certa
1697 1897 1817 1940 ducis
1856 1898 1987 1953 placi-

1191 1972 1261 2010 tos
1307 1969 1507 2010 euruauit
1551 1969 1595 2010 111
1646 1984 1749 2011 113113
1798 1969 1987 2025 agricole

1191 2055 1305 2082 nunc
1338 2055 1432 2081 sum
1468 2041 1619 2083 militis
1653 2043 1751 2083 ante
1784 2040 1847 2082 fui

1133 2113 1240 2154 Fala
1271 2113 1383 2153 idest
1416 2112 1550 2153 turris
2008 2125 2042 2150 50

1134 2184 1166 2225 F
1169 2187 1314 2225 arrato
1349 2198 1373 2224 a
1406 2183 1518 2225 farre

1137 2255 1333 2311 Fastigio
1372 2269 1487 2296 nunc
1527 2255 1670 2309 operis
1716 2255 1990 2297 summitates

1197 2327 1301 2368 alibi
1333 2326 1421 2368 ima
1448 2327 1699 2383 significant
1724 2329 1774 2369 ut
1805 2326 1992 2369 forsitan

1197 2401 1240 2440 et
1282 2397 1509 2440 scrobibus
1556 2413 1637 2454 que
1682 2399 1770 2440 sint
1815 2398 1993 2455 fastigia

1199 2485 1354 2526 quei-as

1143 2543 1298 2584 Fastus
1333 2545 1375 2583 et
1407 2541 1510 2583 fasti
1544 2541 1644 2583 libri
1677 2541 1753 2583 ubi
1786 2544 1888 2584 sunt
1918 2557 1995 2584 no-

1202 2615 1319 2655 mina
1352 2613 1625 2655 eonsululum

1144 2686 1377 2727 Fastorum
1397 2685 1498 2726 libri
1520 2688 1620 2726 sunt
1641 2685 1685 2726 in
1701 2685 1857 2739 quibus
1873 2698 1997 2741 reges

1205 2761 1248 2799 et
1280 2756 1477 2799 3011311133
1511 2756 1760 2798 scribuntur

1146 2828 1268 2870 Fasit
1301 2828 1406 2870 facit
1439 2827 1507 2869 uel
1539 2827 1680 2869 faeere
1711 2826 1815 2869 fecit
1924 2816 1927 2819 ¹
2018 2838 2054 2864 55

1144 2900 1267 2942 Fasti
1300 2900 1390 2941 dies
1422 2899 1468 2940 in
1501 2898 1658 2953 quibus
1691 2899 1758 2940 ius
1791 2898 1908 2940 fatur

1144 2971 1401 3014 Fascinator
1433 2984 1558 3025 grece
1591 2969 1725 3011 latine
1758 2969 1932 3011 inuidus

1145 3043 1309 3085 Fatuus
1337 3042 1497 3083 stultus
1526 3041 1617 3082 sine
1644 3055 1817 3082 sensum
1837 3055 1998 3082 uacuus

1204 3114 1322 3155 follis
1356 3115 1517 3155 mattus
