2216 3402
730 138 964 174 PLAcinvs
992 138 1177 174 cumeis
1203 138 1416 174 PAR1s1N1
1861 140 1941 183 157

193 247 362 290 *Theos
385 282 393 292 .
415 249 518 291 deus

193 320 347 362 Terres
369 353 378 362 .
398 320 553 362 timere
585 320 692 373 facis

193 391 382 434 Termon
402 425 411 434 .
433 392 556 434 calda
575 426 583 433 .
607 393 684 448 gf&

193 463 480 506 Terebramus
496 497 504 506 .
519 463 789 519 perforamus
805 462 851 504 in
864 463 1051 504 rotundo

158 547 174 572 5
193 534 336 591 Terga
347 569 355 578 .
367 535 472 591 fuga
487 535 645 577 dicitur
655 568 661 576 .
672 534 874 590 quotiens
887 534 1052 576 milites

253 607 473 663 fugientes
495 640 503 649 .
525 622 550 648 a
582 609 706 663 tergo
742 605 999 647 occiduntur

51 678 422 735 f01.22vTer1·igine
443 713 450 721 .
474 678 676 734 gigantes

193 750 335 807 Terga
355 786 362 793 .
384 749 624 805 posteriors
656 765 758 805 pars

193 822 452 865 Terrificant
471 856 479 863 .
502 822 706 864 timorem
738 822 959 864 incutiunt

193 893 494 936 Terminatum
514 927 522 936 .
543 894 719 935 finitum

141 978 174 1002 10
194 965 528 1022 Tergiuersatur
543 999 551 1007 .
566 965 689 1008 elidit
717 969 791 1008 aut
814 966 1054 1009 frustratur

193 1036 375 1080 Teredio
399 1072 406 1079 .
426 1037 589 1079 uermis
622 1038 666 1079 in
698 1038 819 1094 ligno

193 1107 400 1151 Testatur
426 1142 435 1151 .
462 1109 649 1152 testibus
681 1111 957 1166 presentibus
991 1111 1054 1152 lo-

256 1182 406 1236 quitur

194 1252 352 1296 Testor
373 1287 381 1295 .
400 1253 494 1296 iure
528 1257 604 1296 aut
636 1268 744 1296 uoco

196 1325 387 1368 Testudo
410 1360 418 1367 .
439 1326 689 1369 coniunctio
723 1328 948 1369 scutorum

143 1409 175 1434 15
194 1396 387 1440 Testudo
408 1432 416 1440 .
438 1398 587 1454 glarea
608 1431 616 1440 .
636 1398 681 1440 id
712 1398 982 1453 palmentum

194 1468 384 1511 Testudo
406 1503 414 1511 .
437 1469 605 1512 cihtara

194 1540 526 1584 Testamentum
546 1575 554 1583 .
577 1542 691 1597 quod
719 1541 906 1585 testibus
929 1576 937 1585 .
959 1557 1056 1585 con-

255 1613 419 1656 scribta
460 1616 527 1656 est
554 1647 562 1656 .
589 1616 633 1655 et
678 1614 936 1657 confirmata
983 1630 1056 1657 uo-

254 1685 401 1727 luntas

195 1756 399 1798 Tetarces
432 1789 441 1799 .
471 1760 660 1799 tetarces
706 1761 809 1799 sunt
851 1761 1057 1814 quattuor

255 1842 379 1884 reges
395 1862 403 1870 .
419 1828 585 1871 hunum
616 1829 848 1884 imperium
875 1830 1055 1873 abentes

195 1898 394 1942 Tetricus
417 1934 424 1942 .
447 1900 657 1942 obscurus
679 1934 686 1942 .
709 1904 785 1942 aut
818 1916 994 1944 seuerus

1090 248 1251 304 Tempe
1290 283 1298 291 .

1731 285 1738 291 .
1777 251 1947 293 nebulis

1152 336 1280 375 super
1312 322 1440 364 tectis
1468 356 1476 364 .
1503 321 1547 364 in
1579 322 1692 364 ualle
1730 322 1849 365 cuius
1883 337 1948 364 ca-

1152 393 1324 435 cumina
1356 409 1512 436 saxosa
1538 397 1582 436 et
1615 394 1705 436 alta
1731 394 1919 436 multum
1940 429 1948 436 .

1150 467 1257 518 puto
1286 465 1443 507 statuis
1472 468 1561 507 stat
1583 500 1589 507 .
1611 481 1741 521 super
1774 467 1949 509 occidue

1149 535 1359 578 nebulosa
1380 571 1387 578 .
1409 538 1571 580 cubilia
1595 538 1738 581 noctis
1767 539 1950 595 etiopas-

1152 621 1233 661 que
1248 607 1357 650 alios
1377 609 1486 651 nulli
1501 611 1784 665 penetrabilis
1806 614 1926 653 astro
1944 647 1951 653 .

1151 678 1273 721 lucus
1318 680 1433 722 iners
1467 714 1476 722 .
1509 681 1658 723 subter
1703 697 1785 738 que
1831 682 1950 725 cauis

1153 765 1284 807 graue
1327 752 1508 808 rupibus
1552 756 1726 795 antrum
1756 787 1766 796 .
1794 754 1840 796 id
1880 769 1952 796 ua-

1153 837 1281 864 cuum
1318 822 1364 865 in
1403 827 1597 867 montem
1637 840 1720 880 qua
1755 826 1915 868 desidis
1943 859 1951 868 .

1153 895 1266 936 atria
1305 895 1422 937 omni
1462 911 1660 938 securum
1693 929 1703 938 .
1737 912 1952 940 securum-

1153 982 1234 1022 que
1255 967 1414 1009 larem.
1431 968 1577 1024 segnis
1604 971 1762 1011 natura
1787 969 1952 1012 locabit

1151 1039 1284 1081 limen
1317 1054 1454 1094 opaca
1486 1054 1569 1094 que
1603 1041 1724 1096 quies
1758 1044 1801 1083 et
1826 1041 1953 1097 pigra

1153 1110 1318 1153 obliuio
1346 1145 1354 1153 .
1381 1115 1559 1154 seruant
1601 1113 1692 1154 otia
1731 1113 1952 1155 uestibulo

1152 1183 1401 1238 pressisque
1410 1181 1445 1239 ²)
1462 1183 1636 1226 silentia
1649 1184 1816 1240 pinnis.
1832 1188 1954 1227 muta

1154 1255 1305 1297 sedent
1332 1255 1517 1312 abigunt
1545 1271 1626 1311 que
1653 1259 1797 1299 truces
1830 1272 1855 1299 a
1887 1273 1954 1300 cu-

1153 1327 1299 1369 lumne
1321 1362 1328 1369 .
1349 1330 1584 1370 uenturum
1607 1362 1615 1370 .
1637 1332 1680 1370 et
1715 1344 1860 1372 ramos
1893 1345 1954 1371 er-

1153 1414 1249 1441 rare
1299 1402 1454 1442 uetant
1488 1432 1497 1442 .
1530 1403 1574 1442 et
1619 1416 1843 1443 murmura
1888 1401 1955 1442 de-

1155 1474 1280 1513 munt
1319 1471 1481 1514 altibus
1520 1487 1609 1515 non
1648 1472 1719 1514 hic
1756 1487 1831 1528 pes
1863 1472 1954 1529 lagi

1154 1543 1259 1586 licet
1287 1544 1435 1586 omnia
1461 1544 1650 1587 clament
1682 1544 1813 1586 litora
1834 1579 1841 1586 .
1862 1545 1955 1586 nul-

1154 1615 1222 1657 lus
1250 1615 1330 1658 celi
1362 1615 1513 1673 fragor
1543 1617 1636 1672 ipse
1668 1616 1909 1672 profundus
1920 1614 1953 1672 ³)

1154 1687 1345 1730 uallibus
1379 1688 1589 1745 effugiens
1623 1689 1825 1744 spelunce
1858 1703 1956 1744 pro-

1153 1759 1296 1802 ximus
1324 1759 1464 1802 amnis
1493 1775 1619 1802 saxa.
1634 1760 1952 1816 interscopolos

1154 1847 1235 1887 que
1263 1831 1376 1874 iacet
1398 1866 1405 1873 .
1426 1832 1648 1889 nigrantia
1675 1832 1837 1874 circum
1858 1865 1867 1874 .
1889 1847 1953 1875 ar-

1153 1907 1302 1946 menta
1323 1938 1330 1946 .
1352 1905 1574 1947 omnesolo
1613 1904 1792 1947 recubat
1822 1919 1952 1959 pecus

1343 250 1464 292 locus
1516 250 1692 305 quidam

141 1986 176 2011 20
195 1971 396 2014 Tetarcia
411 2006 418 2013 .
435 1972 508 2027 qui
530 1975 733 2027 quartam
746 1976 918 2028 partem
932 1975 1055 2030 regni
1094 1976 1247 2018 Tiaras
1260 2011 1266 2017 .
1279 1990 1416 2033 genus
1430 1977 1663 2032 palliorum
1679 1979 1785 2031 aput
1802 1991 1952 2032 persas

254 2047 375 2086 tenet

195 2115 464 2159 Teterrimus
498 2150 507 2159 .

255 2191 373 2230 trum
424 2188 540 2232 enim
579 2223 587 2231 .

255 2260 456 2303 dixerunt
483 2295 492 2303 .
518 2265 568 2303 ut
608 2261 760 2304 ennius
799 2265 939 2305 tetros
976 2263 1056 2305 ele—

255 2331 402 2374 santos

196 2403 377 2446 Teucria

256 2475 374 2519 dicta

196 2544 459 2590 *Teloneum
475 2580 484 2591 .
500 2549 739 2592 telonarius
755 2551 909 2593 melius
927 2567 1057 2607 quam

257 2619 499 2662 telonarius

409 2438 417 2446 .
451 2405 624 2448 troiana
655 2440 663 2447 .

1094 2047 1302 2090 Tibicen.
1326 2048 1399 2103 qui
1432 2048 1476 2090 in
1509 2049 1620 2090 tibia
1653 2048 1770 2090 canit

538 2116 901 2172 proferonimium
913 2116 946 2174 1)
997 2121 1057 2160 te·
1095 2119 1129 2160 T
1132 2119 1269 2162 idides
1291 2154 1298 2162 .
1321 2119 1540 2162 diomedes
1563 2154 1570 2162 .
1592 2136 1617 2162 a
1648 2120 1764 2162 tideo
1797 2123 1921 2175 patre
1972 2141 2008 2165 30

626 2192 796 2232 ueteres
843 2205 921 2245 pro
963 2190 1055 2233 fero
1096 2192 1406 2235 Tilon.insula
1437 2193 1483 2234 in
1509 2192 1626 2234 india
1657 2192 1732 2234 ubi
1760 2187 1953 2234 omnium

1155 2278 1364 2320 generum
1415 2265 1622 2306 arborum
1678 2263 1784 2306 folia
1833 2279 1955 2306 num*

1155 2351 1285 2391 quam
1319 2337 1478 2379 cadunt

699 2421 724 2448 a
762 2409 912 2449 teucro
954 2422 1055 2464 rege
1093 2407 1346 2451 Thiminum
1375 2443 1382 2451 .
1409 2409 1493 2451 mel
1528 2424 1659 2451 suaue
1692 2409 1880 2450 multum
1913 2411 1955 2449 et

1156 2481 1423 2524 odoriferum
1444 2515 1452 2523 .
1472 2496 1574 2523 nam
1606 2481 1686 2524 fios
1714 2481 1805 2522 eius
1840 2495 1953 2521 ama-

1154 2552 1232 2595 riis
1265 2556 1331 2595 est

1095 2624 1294 2668 Timicon
1315 2660 1323 2668 .
1344 2625 1631 2682 irascisssssbile
1643 2623 1680 2682 4)

197 2688 482 2734 *Τθωθηΐῑωῃ
508 2726 517 2734 .
543 2692 694 2734 uinum
715 2725 725 2734 .
747 2695 861 2749 quod
899 2698 1057 2738 temtet
1094 2695 1302 2740 Tifoheus
1324 2732 1332 2739 .
1354 2698 1510 2753 gigans
1546 2698 1620 2753 qui
1652 2697 1828 2738 flumine
1862 2711 1955 2750 per—

257 2766 424 2806 mentes
457 2767 502 2806 et
532 2764 667 2807 faciat
700 2765 892 2808 titubare

143 2848 179 2873 25
198 2832 406 2877 ssTeterca
420 2868 428 2877 .
444 2838 600 2890 quarta
624 2851 725 2890 pars
747 2836 871 2892 regni
898 2839 1057 2881 dicitur

1155 2784 1307 2812 cussus
1335 2770 1550 2812 est.unde
1584 2772 1626 2811 et
1659 2768 1746 2810 tela
1778 2768 1955 2823 tiphoea

1156 2841 1358 2883 dicuntur

198 2905 381 2949 ssTedet.
395 2908 612 2949 tediosum
632 2908 702 2949 uel
723 2908 830 2950 satis
858 2910 1057 2954 odiosum
1095 2912 1229 2968 Tipus
1250 2948 1258 2956 .
1280 2913 1422 2955 forma
1443 2947 1450 2954 .
1472 2914 1549 2968 gf&

296 3064 398 3117 1)*ni
417 3083 488 3118 pro
513 3082 561 3107 no
587 3083 678 3108 corr.
721 3074 734 3119 ΙΙ
777 3074 815 3121 2)
841 3086 876 3109 ss
897 3087 969 3121 pro
995 3088 1011 3111 s
1039 3089 1130 3115 corr.
1174 3080 1186 3124 ΙΙ
1229 3080 1265 3124 3)
1290 3090 1334 3114 us
1361 3090 1406 3114 ex
1431 3091 1471 3114 os
1498 3090 1590 3115 corr.
1634 3080 1646 3124 ΙΙ
1689 3079 1726 3123 4)
1759 3081 1785 3114 2
1812 3079 1955 3115 litterae

199 3142 323 3166 erasae
351 3134 363 3177 ll
