2221 3490
701 148 960 185 EXCERPTA
985 150 1049 185 EX
1076 150 1250 187 CODICE
1276 151 1525 187 VATICANO
1555 155 1647 187 1468

293 258 530 301 Erulorum
563 260 866 302 beneticorum

292 330 438 373 Eruca
469 333 631 374 uermis
664 332 734 374 uel
767 347 916 375 musca
948 333 1117 375 minuta

294 402 587 446 Estimatores
619 404 918 446 nominatores

294 475 431 530 Espio
464 475 591 518 uideo
623 477 777 531 procul
811 477 1012 531 speculor

256 556 272 581 5
292 545 444 589 *Escit
477 548 560 589 erit

293 617 578 661 ssEssedarius
611 620 747 662 mulio
780 619 940 662 ueiculi

292 691 538 732 Ethinones
573 692 851 734 delectauiles

290 761 433 804 Ethos
467 762 587 804 sinus
621 763 837 818 gremium

219 856 226 862 ·
290 833 438 875 Ethna
471 849 596 876 mons
630 835 674 875 in
709 849 794 889 quo
829 833 1062 876 umbilicus
1094 835 1156 876 in-

349 905 461 947 ferni
488 906 649 948 dicitur
677 921 769 948 esse
791 909 835 949 et
859 909 926 949 est
952 907 998 948 in
1023 907 1156 962 parti-

350 979 433 1020 bus
467 978 606 1032 sicilie

241 1060 274 1085 10
294 1050 481 1093 Euantis
514 1050 726 1093 furientes
759 1051 996 1093 uachantes

293 1123 563 1179 Euangelizo
598 1123 809 1165 annuntio

291 1195 486 1237 Euescor
519 1195 753 1237 excomedo

292 1267 551 1309 Euertiuilis
586 1266 858 1309 declinauilis

291 1337 458 1380 Eutum
494 1353 651 1381 sonum

241 1419 274 1445 15
293 1410 503 1452 Euictum
535 1410 851 1453 incommotum

289 1481 561 1525 Eumenidus
594 1483 787 1526 furiosus
822 1484 959 1526 iratus

291 1553 525 1610 Eulilogus
559 1556 801 1598 uersiculus

292 1625 463 1669 *Eurus
498 1628 573 1683 qui
606 1631 649 1669 et
682 1628 884 1671 eridanus
922 1644 947 1670 a
981 1629 1156 1684 quibus-

352 1699 452 1741 dam
483 1700 600 1742 nilus
635 1701 703 1742 uel
738 1704 866 1756 gente

291 1769 530 1814 *Euelatus
564 1772 778 1828 spoliatus

239 1855 273 1880 20
293 1841 586 1886 ²1“Euerculum
620 1859 752 1900 scopa

294 1915 505 1958 Exaindit
539 1916 673 1973 elegit
705 1917 898 1972 exculpit

292 1987 513 2030 Exacrum
547 1988 707 2030 odiuile
741 1988 1024 2032 simulacrum

292 2059 519 2102 Exaceruo
558 2061 748 2103 amarico

293 2131 499 2174 Exaltem
533 2133 832 2188 explorantem

238 2214 273 2240 ‘25
293 2204 536 2247 Exanclare
571 2205 768 2248 exaurire
802 2220 930 2261 egere

292 2276 534 2319 Exadituat
567 2278 758 2320 excludit

293 2349 561 2391 Exammissi
594 2350 754 2405 perditi

293 2420 551 2463 Examusim
584 2421 696 2463 lusio
731 2421 880 2476 tabule

292 2491 531 2534 *Exaditat
564 2493 762 2535 excludet
795 2494 849 2535 ab
884 2493 1014 2535 aditis

239 2577 274 2600 δυ
293 2563 543 2621 ssExanglat
575 2568 760 2608 euacuat

294 2636 511 2679 Excessus
562 2637 889 2693 praeuaricator
939 2637 1158 2680 inextasin

354 2708 497 2751 factus

294 2779 562 2823 *Excessum
595 2785 819 2836 stuporem

296 2852 588 2896 *Excessibus
620 2853 838 2896 erratibus

296 2924 455 2967 Excito
487 2925 681 2981 produco
715 2940 847 2982 surgo

241 3006 277 3033 35
297 2996 510 3039 *Excolas
543 2997 701 3054 diligas

296 3067 571 3111 Excusatum
603 3069 695 3111 sine
730 3069 956 3112 occasione

298 3139 501 3183 Exechus
534 3140 685 3183 fatuus
718 3141 810 3184 sine
844 3141 971 3184 corde

1966 154 2053 195 499

1194 262 1366 304 Exedra
1391 249 1512 304 ditas
1543 262 1730 304 thronus
1764 262 1963 304 sublimis

1194 333 1466 376 Exercitatio
1508 334 1754 377 uerbositas
1798 335 2054 377 studiositas

1254 406 1482 448 meditatio
1516 404 1589 463 (st.
1617 407 1726 448 med.
1758 408 1851 449 add.
1883 404 2000 465 m 2)

1193 476 1410 531 Exestuat
1441 477 1582 520 feruet
1614 479 1878 520 caumatizat

1194 547 1450 590 *Exercitor
1514 550 1566 591 ad
1624 565 1752 605 quem
1811 549 2054 593 cotidianus

1255 623 1436 674 questus
1468 621 1596 663 nauis
1629 622 1822 677 pertinet

1192 690 1422 734 Exheredo
1455 693 1652 748 prohicio

1193 762 1326 805 Exias
1360 764 1546 806 excellas

1194 834 1262 876 Ex
1294 835 1528 878 interuallo
1562 836 1825 892 interposito
1859 841 2055 894 tempore

1194 905 1389 948 Exinuat
1422 908 1629 963 explanat
1661 910 1857 966 exaperit
2077 923 2111 947 4⁵

1194 977 1417 1021 Exitimus
1451 983 1685 1023 extrenuus

1194 1050 1263 1092 Ex
1283 1051 1457 1093 illibata
1471 1052 1522 1094 de
1542 1052 1710 1096 intacta
1727 1053 1885 1109 pudica
1899 1056 2060 1097 munda

1194 1122 1421 1166 Exodatus
1455 1125 1596 1180 turpis

1195 1194 1484 1237 *Exorbitare
1517 1212 1662 1240 errare
1695 1198 1911 1241 declinare

1195 1266 1407 1322 Experire
1441 1272 1739 1324 spermentare
1773 1285 2036 1327 cognoscere
2079 1281 2114 1306 50

1195 1339 1492 1394 Expectorare
1525 1344 1648 1384 extra
1678 1345 1831 1398 pectus
1864 1343 1977 1386 iacet

1195 1411 1377 1467 Expilat
1411 1413 1580 1455 occulte
1615 1415 1880 1457 exterminat

1194 1483 1483 1538 Explicauilis
1515 1489 1716 1541 patrator
1749 1488 1967 1543 perfector

1194 1553 1458 1612 *Explodita
1490 1559 1664 1601 exclusa

1194 1628 1428 1684 Expuncta
1460 1630 1571 1672 fibra
1603 1633 1794 1687 pectoris

1197 1700 1394 1744 Extenus
1430 1705 1660 1746 extraneus
1695 1704 1862 1747 alienus

1197 1773 1433 1816 Externuit
1466 1778 1722 1818 extraneum
1753 1776 1856 1819 fecit

1197 1844 1482 1888 >³*Extabescit
1538 1847 1783 1904 languescit
1837 1849 1913 1891 fiet
1963 1850 2061 1905 plus

1259 1933 1390 1973 quarn
1422 1919 1545 1961 tabet

1198 1989 1377 2032 Extimo
1410 1991 1601 2033 aruitror
1634 1992 1759 2035 credo
1795 1993 2021 2036 considero

1196 2061 1361 2104 Extreo
1399 2063 1568 2118 depello
2082 2078 2116 2102 00

1197 2133 1388 2176 Exultus
1421 2149 1552 2189 porro
1586 2135 1766 2193 fugatus

1196 2206 1414 2248 Exulcero
1449 2221 1656 2264 exaspero
1689 2209 1871 2251 uulnero

1196 2277 1349 2320 Exulit
1383 2279 1550 2334 expulit

2074 491 2109 515 40

1198 2349 1266 2392 Ex
1298 2350 1397 2392 unis
1432 2366 1484 2392 ex
1517 2351 1815 2408 singularibus

1196 2422 1266 2464 Ex
1297 2423 1454 2465 bosum
1490 2423 1784 2478 periculosum
2082 2438 2115 2462 65

1196 2493 1441 2536 Exuolatus
1476 2497 1660 2538 exuotus
1694 2497 1883 2539 nudatus

1197 2565 1477 2609 Exulceratio
1512 2568 1758 2610 stimulatio
1787 2584 1870 2624 que
1903 2568 2062 2625 pungit

1257 2639 1329 2681 uel
1372 2640 1621 2682 uulneratio
1667 2655 1870 2696 asperum
1911 2640 2063 2682 uerbo-

1259 2727 1355 2753 rum
1388 2710 1478 2768 (uel
1503 2737 1553 2742 —
1578 2713 1814 2755 uerborum
1834 2713 1927 2755 add.
1948 2709 2061 2769 m.‚2)

1200 2926 1427 2969 Fabonius
1459 2927 1629 2971 radium
1656 2929 1762 2970 solis
1790 2928 1938 2970 odium
1968 2928 2063 2970 leue

1261 2996 1319 3056 (o.
1352 2998 1380 3042 1.
1412 3000 1506 3041 add.
1539 3000 1655 3054 ΜΣ)

1201 3070 1486 3113 *Fabrateria
1497 3072 1651 3114 domus
1667 3072 1743 3114 ubi
1759 3071 1945 3114 fabrices
1961 3075 2064 3114 sunt

1200 3140 1359 3184 *Fabri
1391 3143 1564 3186 uentosi
1596 3143 1789 3186 fabulosi

1701 3213 1775 3248 32*

2084 3156 2119 3181 70
