2216 3402
243 125 297 166 78

242 234 447 289 Inpotens
487 235 626 288 impos
665 233 734 274 uel
775 233 866 274 sine
900 234 1098 288 potentia

300 306 518 346 interdum
549 307 780 360 prepotens

242 376 561 431 lnpreiudicata-
585 390 674 417 non
700 375 936 417 iniudicata
949 374 980 432 ¹)
1010 391 1096 417 non

301 449 447 489 audita
479 462 565 489 non
599 447 774 502 cognita

240 519 291 561 In
324 519 641 574 presentiarum
672 533 751 573 pro
784 518 829 559 in
861 519 1055 574 presenti

241 592 291 632 In
324 591 553 646 propatulo
588 592 654 631 est
684 589 730 631 in
763 593 913 644 aperto
947 591 1098 645 patula

301 662 415 704 enim
443 665 485 703 et
515 661 748 717 propatula
773 661 976 702 dicuntur
1002 662 1096 703 loca

301 734 455 775 diffusa
488 737 532 775 et
567 733 750 774 dilatata

205 816 220 840 -'›
243 806 441 860 Inpulsas
474 805 688 860 inpositas
721 805 832 846 unde
867 805 961 846 odie
995 820 1098 860 quo-

189 1463 221 1486 10

208 2106 222 2130 -‚
242 2091 387 2134 Instar

300 892 382 932 que
433 876 645 931 inpulsari
700 875 861 918 fascem
914 876 1096 918 dicimus

301 949 413 1003 quod
441 948 581 1004 magis
614 947 765 1003 inponi
792 947 1003 989 (licentius
1031 951 1097 989 est

240 1018 480 1077 Inpuniti2)
508 1035 589 1074 que
617 1035 772 1074 penam
794 1020 934 1060 ebasit
960 1020 1002 1061 id
1031 1023 1097 1061 est

302 1107 382 1146 que
415 1089 612 1148 punita3)
643 1106 731 1133 non
764 1094 865 1133 sunt

239 1163 438 1217 Inquires
469 1163 679 1204 indiceres

242 1234 291 1275 In
323 1234 505 1276 ridiculo
539 1235 583 1275 in
615 1235 706 1276 risu
738 1235 783 1276 in
816 1235 993 1276 cacinno

242 1305 488 1347 Insectandi
520 1308 562 1347 et
601 1305 871 1360 conpellendi
904 1321 1001 1348 cum
1036 1306 1097 1348 in-

298 1377 413 1418 iuria
445 1377 690 1432 appellandi

240 1448 440 1504 Insequis
466 1463 646 1490 narrans
673 1449 863 1491 referens
891 1452 934 1491 et
965 1449 1095 1492 inter-

301 1521 403 1562 dum
434 1521 580 1575 pergis

241 1592 492 1647 Insequitur
524 1592 789 1647 propinquat

240 1663 430 1719 Insignit
466 1663 638 1719 insigne
677 1663 782 1705 facit
814 1665 884 1706 uel
924 1665 1096 1720 signum

300 1735 471 1789 inponit
509 1735 772 1777 translatum
811 1736 865 1776 ab
904 1735 1098 1777 animali—

300 1807 381 1848 bus
415 1821 496 1860 que
528 1810 632 1848 nota
665 1807 865 1863 signatur

242 1878 481 1933 Inspeculis
508 1878 554 1919 in
580 1879 828 1933 aspectibus
855 1879 925 1920 uel
945 1879 1097 1921 usibus

301 1947 368 2006 (de
392 1948 467 2006 ql.)

242 2020 446 2062 Instabor
479 2022 618 2063 instar
649 2023 719 2064 uel
753 2022 996 2064 simititudo

448 2096 617 2135 ueteres
678 2109 756 2148 pro
814 2094 1097 2136 similitudine

301 2165 521 2218 ponebant
552 2164 649 2206 inde
689 2168 732 2207 et
762 2165 1005 2207 instaurare
1039 2166 1097 2206 di-

303 2237 459 2278 cebant

242 2307 493 2363 Instragula
524 2308 739 2364 istragula
772 2309 825 2350 ab
867 2309 1096 2350 sternendo

245 2378 507 2421 Intemerare
557 2381 681 2422 ualde
727 2380 978 2436 contingere
1029 2380 1098 2421 uel

304 2452 510 2506 populare
544 2455 672 2506 atque
705 2454 877 2493 uastare

245 2523 587 2577 Intemperantia
619 2523 775 2564 lenitas
808 2524 878 2564 uel
911 2523 1086 2564 audatia

244 2594 513 2650 Intempesta
539 2594 581 2635 id
603 2598 668 2636 est
695 2595 931 2649 inportuna
955 2595 1097 2636 noctis

759 125 991 160 PLACIDVS
1017 123 1147 159 LIBRI
1173 124 1464 160 GLOSSARVM

1195 237 1367 288 tempus
1395 235 1462 274 est
1483 233 1654 287 quando
1675 233 1747 289 agi
1768 232 1873 275 nicil
1898 236 1993 288 pot-

1195 308 1261 346 est
1288 307 1331 345 et
1360 305 1505 364 omnia
1530 304 1679 359 quieta
1706 307 1808 346 sunt
1835 302 1902 360 (de
1916 302 1991 360 ql.)

1134 375 1363 417 Intendere
1397 375 1535 416 multa
1569 376 1741 430 quidem
1774 375 1993 432 significat
2012 390 2048 416 20

1192 448 1414 489 intendere
1465 447 1677 489 obducere
1723 462 1882 490 corona
1931 462 1992 488 re-

1193 519 1402 575 uelligare
1439 522 1489 560 ut
1533 520 1743 575 uergilius
1789 519 1993 561 intendit—

1195 606 1275 645 que
1303 592 1447 633 locum
1472 591 1604 632 sortis
1630 591 1745 632 idem
1771 591 1992 633 intendere

1194 662 1350 704 minari
1389 662 1614 704 sallustius
1650 677 1827 704 manum
1864 663 1992 704 inons

1193 735 1422 776 intendens
1444 735 1631 776 intendit
1646 734 1902 776 criminator
1919 737 1994 775 aut

1196 806 1342 847 cedem
1375 808 1448 847 aut
1486 806 1690 847 iniuriam
1723 806 1901 847 difficile
1932 808 1994 847 ta-

1195 893 1294 919 men
1325 878 1371 918 in
1402 878 1518 919 bono
1552 881 1619 919 est

1135 949 1364 991 Intendere
1392 952 1458 990 est
1492 949 1722 997 criminare
1751 952 1825 990 aut
1851 949 1904 990 ad
1930 963 1993 991 ce-

1195 1021 1290 1062 dem
1343 1023 1417 1062 aut
1463 1020 1515 1061 ad
1560 1020 1765 1061 iniuriam
1815 1035 1992 1076 perraro

1194 1094 1342 1133 tamen
1373 1091 1418 1132 in
1450 1092 1565 1133 bono
1600 1094 1666 1133 est

1134 1162 1348 1205 Intercius
1380 1163 1529 1218 idrops

1134 1234 1337 1277 Interfiat
1368 1235 1579 1277 interficit

1134 1305 1361 1348 Interficto
1393 1306 1662 1362 interrumpe

1133 1377 1351 1419 Interfusa
1382 1377 1652 1433 frequentius
1684 1391 1910 1419 recurrens
2014 1394 2047 1420 25

1134 1449 1318 1490 Interibi
1349 1449 1517 1491 interea
1548 1450 1618 1491 uel
1650 1449 1828 1491 interim

1135 1521 1338 1563 Interiuit
1369 1521 1532 1576 peribit

1134 1592 1386 1635 Interiectio
1414 1595 1481 1634 est
1507 1595 1651 1634 motus
1679 1593 1800 1644 uocis
1833 1593 1991 1634 affectu

1196 1665 1330 1706 animi
1362 1665 1664 1706 demonstrans

1136 1736 1348 1778 Interstat
1379 1736 1563 1778 interest

1135 1807 1337 1850 Inualetu
1370 1808 1634 1849 dinariorum
1666 1808 1938 1863 langentium
2011 1825 2046 1850 30

1135 1879 1356 1921 Inuestem
1407 1879 1662 1934 inpuberem
1713 1880 1805 1921 sine
1855 1880 1993 1921 barba

1197 1949 1354 2007 (Vim.)

1134 2022 1273 2064 Inuisi
1287 2022 1460 2064 inimihi
1477 2022 1762 2064 felicitatibus
1783 2021 1991 2064 uelociosi

1134 2093 1339 2135 Inuolant
1370 2093 1582 2134 inuadunt
1614 2093 1828 2167 arripiunt

1134 2165 1335 2207 Inuolare
1368 2165 1562 2207 inuolam
1594 2166 1707 2207 idest
1737 2166 1784 2206 in
1815 2180 1991 2207 manum

1194 2237 1411 2279 includere
1999 2239 2002 2243 ’

1134 2309 1311 2350 Inurere
1344 2309 1524 2364 infigere
1556 2307 1730 2364 notus4)
1763 2308 1832 2349 uel
1865 2307 1991 2363 signa
2011 2325 2044 2351 35

1195 2380 1264 2421 uel
1315 2380 1507 2422 maculas
1558 2382 1607 2421 ut
1663 2380 1806 2421 solent
1855 2379 1990 2421 uariis

1196 2451 1333 2507 signis
1372 2451 1486 2493 ferro
1527 2451 1725 2493 candenti
1764 2450 1990 2506 designare

1194 2523 1266 2564 uel
1298 2523 1383 2564 alia
1415 2522 1621 2564 animalia

1136 2594 1371 2636 Istamcine
1406 2597 1519 2635 stam
1552 2607 1655 2649 ergo

342 2716 374 2755 1)
409 2711 445 2744 in
473 2724 498 2746 s.
526 2724 592 2747 scr.
619 2725 662 2747 m.
679 2716 703 2747 2
741 2713 752 2756 ΙΙ
790 2713 826 2755 2)
853 2711 1067 2756 lnpunitam
1095 2723 1185 2746 corr.
1214 2724 1256 2746 m.
1273 2713 1297 2746 2
1329 2713 1340 2756 ΙΙ
1378 2713 1414 2755 3)
1441 2714 1525 2755 post
1551 2721 1574 2744 a
1599 2721 1704 2744 erasa
1729 2721 1778 2753 m,
1808 2713 1850 2744 ut
1874 2709 1947 2744 vid.
1979 2708 1991 2755 ΙΙ

246 2774 280 2813 4)
314 2784 336 2805 u
361 2773 399 2806 in
427 2784 449 2806 a
475 2776 558 2808 m.2
591 2773 602 2814 ΙΙ

342 2872 372 2901 2,
406 2878 478 2901 non
506 2866 673 2901 iudicata
711 2867 721 2910 Η
759 2869 789 2900 5.
824 2865 908 2899 odie
933 2878 977 2900 m.
1000 2870 1027 2909 l,
1059 2864 1170 2899 hodie
1199 2869 1276 2899 mh
1313 2867 1317 2907 Ι
1352 2864 1545 2899 decentius
1579 2876 1624 2899 esc
1649 2863 1834 2899 dicentius
1860 2875 1951 2899 corr.
1980 2865 1990 2910 [ζ

248 2929 278 2959 6.
306 2925 518 2970 inpunitam
549 2928 554 2972 1
589 2925 711 2960 euasit
739 2928 743 2965 ¹.
779 2935 924 2969 queque
957 2927 967 2969 ΙΙ
1000 2928 1031 2959 8.
1060 2923 1213 2958 cacinno
1240 2936 1282 2959 m.
1302 2928 1332 2968 1,
1360 2923 1541 2958 caehinno
1568 2936 1611 2958 m.
1628 2928 1649 2958 5
1678 2926 1689 2968 Η
1727 2927 1780 2958 13.
1808 2921 1952 2957 nisibus
1978 2922 1990 2968 Η

250 2989 302 3019 15.
338 2985 541 3019 similitude
568 2998 610 3020 m,
629 2990 660 3028 1,
695 2983 941 3018 similitudine
968 2986 1079 3027 111411
1101 2986 1155 3018 19,
1182 2982 1422 3028 inportunum
1448 2995 1492 3018 eae
1518 2983 1719 3027 inportuna
1745 2994 1835 3017 corr.
1865 2984 1870 3026 Ι
1898 2981 1989 3016 nicil

247 3045 303 3087 (m.
323 3048 352 3086 l,
381 3043 491 3077 nichil
520 3057 563 3079 m.
581 3047 616 3086 5)
643 3045 768 3089 potest
793 3042 856 3087 agi
882 3045 892 3087 ΙΙ
918 3046 972 3077 20.
1001 3053 1178 3078 coronare
1204 3042 1264 3077 uel
1291 3042 1410 3089 ligare
1433 3045 1437 3084 1
1466 3041 1548 3076 inos
1572 3047 1575 3085 Ι
1600 3041 1807 3076 criminatis
1826 3042 1838 3086 ΙΙ
1857 3044 1913 3075 21.
1940 3039 1989 3074 ad

247 3113 313 3137 om.
336 3103 388 3135 bis
428 3108 481 3136 311,
504 3103 761 3144 languentium
785 3105 856 3136 32
879 3102 1026 3136 inimihi
1049 3105 1133 3145 m.1,
1154 3101 1296 3136 inimici
1317 3115 1360 3137 m.
1375 3103 1412 3136 >fil
1435 3105 1490 3136 35.
1512 3102 1619 3135 notas
1659 3104 1714 3135 36.
1735 3099 1848 3135 istam
1869 3110 1957 3145 ergo
1977 3099 1989 3146 ΙΙ
