2216 3464
219 167 307 209 300
702 166 1010 202 GLOSSAR-IVM
1038 166 1180 201 AMPL.
1208 166 1473 202 SECVNDVM

214 276 449 319 Hemorres
483 277 697 331 serpentis
731 290 866 330 genus

212 348 418 390 Helluino
451 348 630 403 gylosus
665 348 920 402 adsumptus

213 420 378 461 Heroes
412 419 495 461 uiri
529 418 663 460 fortes

212 490 451 532 Hersutum
484 491 683 533 drustum
715 491 905 546 pilosum

175 576 191 600 5
211 562 508 604 Herculaneus
541 563 763 605 eunuchus

210 633 452 689 Hespereas
486 633 631 676 occide
664 637 809 689 partes

210 706 397 748 Herorui
429 706 514 748 uiri
546 706 681 748 fortes

208 776 372 819 Herma
404 778 612 820 castratio

211 849 572 905 Hermaproditus
606 852 823 893 castratus

157 935 188 958 10
210 921 374 964 Hellies
408 923 570 964 morrio

208 993 361 1035 Hellus
395 994 568 1036 uocatio

206 1064 394 1106 Hercule
426 1065 585 1108 iuratio
619 1069 686 1108 est
721 1067 789 1108 uel
829 1081 929 1108 uere
963 1066 1065 1107 dum

267 1135 428 1179 femina
466 1141 510 1179 et
547 1138 671 1180 illum
712 1138 842 1193 periit
883 1137 1064 1180 decassu

266 1208 431 1251 dictum
463 1212 529 1252 est
562 1212 730 1252 mortus
763 1209 854 1252 eius

63 1279 432 1326 fol-25rHerum11a
464 1281 607 1324 clades
640 1282 709 1323 uel
741 1281 867 1323 labor

206 1351 367 1394 Herebi
400 1352 526 1394 inferi

154 1436 185 1462 15
205 1423 556 1467 Hermafroditus
586 1426 658 1480 qui
685 1426 946 1468 naturaliter
966 1441 1063 1468 con-

263 1496 434 1550 positus
469 1500 535 1538 est
566 1500 616 1538 ut
648 1497 716 1539 uir
731 1496 764 1554 ¹)
804 1499 863 1540 sit
896 1501 939 1539 et
977 1498 1061 1540 fae-

265 1567 414 1609 minali
445 1568 560 1610 idest
592 1572 863 1611 monstratur

204 1639 460 1694 Hesperiam
492 1640 660 1682 italiam

205 1711 346 1753 Herus
379 1726 429 1767 g.
463 1712 531 1754 uir
562 1713 690 1755 fortis

204 1782 362 1825 Helluo
396 1799 531 1826 uorax
565 1786 743 1827 comedo

206 1855 468 1910 Heredipeta
507 1857 581 1911 qui
620 1857 805 1899 alienam
847 1858 1059 1899 heredita-

263 1930 353 1969 tem
385 1928 601 1970 desiderat

150 2012 183 2037 20
207 1999 375 2041 Heustu
406 1999 581 2042 audistu

204 2071 468 2113 Heunuchus
501 2076 545 2114 et
578 2074 711 2128 spado
745 2089 879 2115 unum
912 2076 979 2115 est

204 2144 439 2186 Herenacis
473 2144 590 2186 aliud
623 2159 759 2200 genus
791 2145 913 2200 lepor

204 2215 287 2257 Hic
319 2216 419 2258 istic

203 2286 412 2329 Himosus
444 2287 575 2330 hodio
608 2288 785 2330 habitus

150 2370 183 2396 25
205 2358 358 2400 Hirodi
389 2360 575 2415 ungulas
607 2376 695 2402 non
727 2359 884 2402 diuidit

205 2430 349 2473 Hiscit
397 2431 584 2485 patescit
633 2432 704 2473 uel
749 2431 941 2486 osaperit
985 2434 1060 2473 aut

262 2502 456 2557 loquitur
487 2503 557 2544 uel
589 2502 743 2545 indicit

202 2573 453 2616 Histriones
487 2575 651 2617 scenice
683 2575 754 2616 uel
787 2575 1018 2617 saltatores

202 2645 363 2688 Hilidri
395 2649 618 2702 serpentes
651 2646 842 2701 aquatici

202 2717 408 2760 Hiulcum
440 2721 593 2773 patens
627 2721 826 2773 apertum

150 2803 183 2826 30
205 2788 375 2830 Histrix
408 2790 637 2844 quadripes
671 2790 872 2844 spinosus

203 2859 411 2902 Hirsutus
476 2864 645 2903 setosus

262 2931 381 2973 losus

203 3001 383 3044 Hiatum
418 3003 565 3058 fysura

709 2876 909 2916 aspersus
972 2861 1059 2903 uel-

1110 275 1465 331 Hilothropieum
1487 291 1646 318 nomen
1672 290 1869 332 gemmae
1895 277 1964 318 uel

1168 348 1287 390 floris
1319 347 1454 390 latine
1487 348 1592 390 solis
1625 348 1775 403 requia

1107 419 1268 462 Hiatus
1297 419 1394 461 fura

1105 491 1291 534 Hiantes
1331 506 1376 534 es
1418 491 1662 546 aperientes
1705 492 1773 534 uel
1815 492 1964 548 ampli·
1983 507 2018 532 35

1166 568 1290 606 antes

1105 636 1275 692 Hir-ugo
1310 636 1528 678 senticosa
1559 635 1736 691 spinosa

1106 708 1286 750 Hiscere
1320 707 1498 750 disinire

1105 779 1214 822 Hiat
1247 780 1387 835 aperit
1418 779 1588 822 inuadit

1104 851 1353 894 Hihenmen
1383 852 1562 907 nuptiae

1104 923 1380 966 Historiones
1406 923 1659 979 propositae
1683 924 1960 967 meretricum
1981 939 2016 963 40

1104 995 1352 1038 Historicus
1378 998 1488 1051 punt
1515 996 1704 1038 mimnus
1727 996 1802 1051 qui
1827 996 1962 1038 histo-

1163 1067 1251 1108 rias
1285 1067 1461 1122 scripsit

1103 1138 1393 1180 Hiatisterrae
1425 1139 1663 1194 patefactio
1697 1142 1839 1182 terrae

1102 1208 1373 1268 Hicstipes2)
1405 1211 1475 1252 uel
1507 1210 1710 1266 hiistipes
1739 1212 1860 1268 ligna
1891 1212 1961 1254 uel

1161 1283 1299 1325 fustes

1100 1354 1261 1396 Hianio
1294 1357 1543 1410 margareta
1573 1354 1771 1410 preciosa

1100 1426 1321 1468 Hibernus
1354 1429 1403 1468 ut
1435 1426 1596 1468 mensis
1979 1442 2014 1467 45

1100 1498 1344 1540 Hibernum
1376 1500 1425 1539 ut
1458 1501 1629 1553 tempus

1100 1570 1223 1612 Hirsi
1255 1570 1416 1612 hirsuti

1098 1642 1337 1684 Himeneus
1369 1642 1545 1697 nuptias

1099 1714 1295 1756 Hiberna
1325 1717 1375 1756 ut
1406 1717 1605 1770 tempora
1631 1718 1674 1756 et
1701 1717 1847 1757 castra
1878 1716 1954 1756 mi-

1158 1786 1286 1828 litum
1330 1787 1406 1828 ubi
1444 1787 1640 1829 hiemant
1679 1786 1862 1829 dicimus
1907 1790 1957 1829 ut

1156 1858 1368 1899 hiibernis
1401 1858 1558 1900 castris

1100 1929 1267 1972 Hidnae
1300 1932 1429 1985 putas
1461 1929 1546 1971 iste
1580 1933 1647 1972 est
1976 1945 2010 1970 εο

1098 2002 1267 2044 Hiritas
1299 2002 1464 2058 pilosas

1098 2074 1269 2116 Histrio
1303 2075 1508 2116 mimmus

1098 2145 1252 2188 Hiberi
1286 2146 1411 2200 spani

1099 2217 1285 2259 Hironia
1317 2232 1461 2259 scema

1100 2289 1320 2331 Horribile
1353 2288 1572 2330 infinitum
1973 2303 2008 2329 55

1097 2360 1238 2403 Holus
1271 2362 1391 2402 totus
1424 2360 1493 2402 uel
1528 2361 1755 2402 ortulanus

1098 2432 1361 2487 Histispices
1395 2432 1615 2487 aruspices

1099 2504 1277 2546 Hostita
1308 2506 1466 2558 aequat
1499 2504 1732 2559 adplanum

1096 2575 1274 2618 Holitor
1305 2575 1566 2618 hortulanus

1096 2647 1341 2689 Homuncio
1387 2650 1429 2689 et
1476 2647 1679 2689 homulus
1723 2662 1857 2689 unum
1889 2650 1955 2689 est
1975 2661 2010 2686 σο
2055 2686 2060 2690 .

1155 2719 1244 2760 diffi
1260 2719 1471 2760 secundus
1483 2721 1527 2760 et
1542 2719 1699 2760 tertius
1716 2719 1875 2774 gradus
1887 2721 1954 2760 est

1100 2790 1387 2845 Hocdiploma
1419 2793 1463 2832 et
1494 2789 1851 2845 haecdeplomata
1886 2792 1953 2832 est

1156 2865 1302 2903 autem
1354 2860 1592 2916 duplicatio
1642 2861 1804 2904 latinae
1854 2861 1953 2904 hoo-

1156 2933 1410 2989 ambiguum
1455 2933 1608 2975 ethaeo
1653 2933 1829 2990 ambiga
1873 2946 1951 2975 suo

1156 3004 1348 3046 audisset
1381 3007 1425 3046 et
1455 3005 1634 3060 negotia

301 3158 334 3199 1)
360 3156 377 3189 f
399 3157 515 3192 deleta
541 3162 623 3193 ante
649 3157 706 3192 uir
737 3160 748 3203 ΙΙ
779 3158 815 3203 2)
841 3159 1002 3203 priorem
1029 3169 1044 3192 s
1070 3168 1247 3203 superscr.
1274 3169 1318 3192 m.
1336 3160 1356 3191 1
1386 3158 1397 3201 ΙΙ
