<?xml version="1.0" encoding="UTF-8"?>
<!DOCTYPE html PUBLIC "-//W3C//DTD XHTML 1.0 Transitional//EN"
    "http://www.w3.org/TR/xhtml1/DTD/xhtml1-transitional.dtd">
<html xmlns="http://www.w3.org/1999/xhtml" xml:lang="en" lang="en">
 <head>
  <title>
</title>
<meta http-equiv="Content-Type" content="text/html;charset=utf-8" />
  <meta name='ocr-system' content='tesseract 3.04.00' />
  <meta name='ocr-capabilities' content='ocr_page ocr_carea ocr_par ocr_line ocrx_word'/>
</head>
<body>
  <div class='ocr_page' id='page_1' title='image "./corpusglossarior05linduoft/corpusglossarior05linduoft_0045.png"; bbox 0 0 2216 3402; ppageno 0'>
   <div class='ocr_carea' id='block_1_1' title="bbox 454 751 1658 829">
    <p class='ocr_par' dir='ltr' id='par_1_1' title="bbox 454 751 1658 829">
     <span class='ocr_line' id='line_1_1' title="bbox 454 751 1658 829; baseline 0.002 -30"><span class='ocrx_word' id='word_1_1' title='bbox 454 753 478 800; x_wconf 88' lang='lat' dir='ltr'>I</span> <span class='ocrx_word' id='word_1_2' title='bbox 527 751 837 800; x_wconf 80' lang='lat' dir='ltr'><strong>PLAOIDVS</strong></span> <span class='ocrx_word' id='word_1_3' title='bbox 883 753 1212 829; x_wconf 12' lang='lat' dir='ltr'><strong>LIBROARVM</strong></span> <span class='ocrx_word' id='word_1_4' title='bbox 1249 754 1658 802; x_wconf 78' lang='lat' dir='ltr'><strong>ROMANORVM</strong></span> 
     </span>
    </p>
   </div>
   <div class='ocr_carea' id='block_1_2' title="bbox 635 867 1479 1083">
    <p class='ocr_par' dir='ltr' id='par_1_2' title="bbox 635 867 1479 1083">
     <span class='ocr_line' id='line_1_2' title="bbox 635 867 1479 905; baseline 0.001 -2"><span class='ocrx_word' id='word_1_5' title='bbox 635 867 859 903; x_wconf 84' lang='lat' dir='ltr'>Contextum</span> <span class='ocrx_word' id='word_1_6' title='bbox 890 867 1156 903; x_wconf 77' lang='lat' dir='ltr'>reconcinnaui</span> <span class='ocrx_word' id='word_1_7' title='bbox 1187 880 1232 903; x_wconf 82' lang='lat' dir='ltr'>ex</span> <span class='ocrx_word' id='word_1_8' title='bbox 1263 868 1322 903; x_wconf 88' lang='lat' dir='ltr'>his</span> <span class='ocrx_word' id='word_1_9' title='bbox 1355 868 1479 905; x_wconf 87' lang='lat' dir='ltr'>libris:</span> 
     </span>
     <span class='ocr_line' id='line_1_3' title="bbox 705 927 1392 965; baseline 0 -2"><span class='ocrx_word' id='word_1_10' title='bbox 705 940 728 963; x_wconf 82' lang='grc' dir='ltr'><em>α</em></span> <span class='ocrx_word' id='word_1_11' title='bbox 755 946 799 956; x_wconf 84' lang='lat'><strong><em>=</em></strong></span> <span class='ocrx_word' id='word_1_12' title='bbox 827 927 906 963; x_wconf 85' lang='lat' dir='ltr'>eod.</span> <span class='ocrx_word' id='word_1_13' title='bbox 933 927 1056 964; x_wconf 83' lang='lat' dir='ltr'>Vatic.</span> <span class='ocrx_word' id='word_1_14' title='bbox 1085 932 1175 963; x_wconf 81' lang='lat'>1552</span> <span class='ocrx_word' id='word_1_15' title='bbox 1203 940 1297 965; x_wconf 83' lang='lat' dir='ltr'>sace.</span> <span class='ocrx_word' id='word_1_16' title='bbox 1324 929 1392 963; x_wconf 87' lang='lat' dir='ltr'>XV</span> 
     </span>
     <span class='ocr_line' id='line_1_4' title="bbox 707 987 1393 1024; baseline 0.003 -2"><span class='ocrx_word' id='word_1_17' title='bbox 707 988 726 1022; x_wconf 83' lang='lat' dir='ltr'>b</span> <span class='ocrx_word' id='word_1_18' title='bbox 753 1005 797 1016; x_wconf 85' lang='lat'><strong><em>=</em></strong></span> <span class='ocrx_word' id='word_1_19' title='bbox 825 987 905 1022; x_wconf 88' lang='lat' dir='ltr'>cod.</span> <span class='ocrx_word' id='word_1_20' title='bbox 932 987 1054 1022; x_wconf 86' lang='lat' dir='ltr'>Vatic.</span> <span class='ocrx_word' id='word_1_21' title='bbox 1083 991 1174 1023; x_wconf 85' lang='lat'>3441</span> <span class='ocrx_word' id='word_1_22' title='bbox 1203 1000 1297 1024; x_wconf 87' lang='lat' dir='ltr'>saec.</span> <span class='ocrx_word' id='word_1_23' title='bbox 1325 989 1393 1023; x_wconf 90' lang='lat' dir='ltr'>XV</span> 
     </span>
     <span class='ocr_line' id='line_1_5' title="bbox 708 1046 1411 1083; baseline 0.003 -2"><span class='ocrx_word' id='word_1_24' title='bbox 708 1057 726 1081; x_wconf 84' lang='lat' dir='ltr'>c</span> <span class='ocrx_word' id='word_1_25' title='bbox 752 1064 797 1074; x_wconf 91' lang='lat'><strong><em>=</em></strong></span> <span class='ocrx_word' id='word_1_26' title='bbox 824 1046 903 1081; x_wconf 86' lang='lat' dir='ltr'>cod.</span> <span class='ocrx_word' id='word_1_27' title='bbox 931 1046 1053 1082; x_wconf 81' lang='lat' dir='ltr'>Vatie.</span> <span class='ocrx_word' id='word_1_28' title='bbox 1082 1050 1174 1081; x_wconf 79' lang='grc'>5216</span> <span class='ocrx_word' id='word_1_29' title='bbox 1202 1059 1297 1083; x_wconf 85' lang='lat' dir='ltr'>saec.</span> <span class='ocrx_word' id='word_1_30' title='bbox 1325 1048 1411 1083; x_wconf 88' lang='lat' dir='ltr'>XVI</span> 
     </span>
    </p>
   </div>
   <div class='ocr_carea' id='block_1_3' title="bbox 183 1154 1039 1269">
    <p class='ocr_par' dir='ltr' id='par_1_3' title="bbox 183 1154 1039 1269">
     <span class='ocr_line' id='line_1_6' title="bbox 183 1154 1039 1200; baseline -0.001 -2"><span class='ocrx_word' id='word_1_31' title='bbox 183 1155 490 1200; x_wconf 85' lang='lat' dir='ltr'>INCIPIVNT</span> <span class='ocrx_word' id='word_1_32' title='bbox 527 1154 758 1197; x_wconf 77' lang='lat' dir='ltr'><strong>GLOSAE</strong></span> <span class='ocrx_word' id='word_1_33' title='bbox 800 1154 1039 1197; x_wconf 86' lang='lat' dir='ltr'><strong>PLACIDI</strong></span> 
     </span>
     <span class='ocr_line' id='line_1_7' title="bbox 417 1224 805 1269; baseline -0.005 0"><span class='ocrx_word' id='word_1_34' title='bbox 417 1224 805 1269; x_wconf 82' lang='lat' dir='ltr'><strong>GRAMMATICI.</strong></span> 
     </span>
    </p>
   </div>
   <div class='ocr_carea' id='block_1_4' title="bbox 143 1296 1039 2782">
    <p class='ocr_par' dir='ltr' id='par_1_4' title="bbox 181 1296 1039 1639">
     <span class='ocr_line' id='line_1_8' title="bbox 181 1296 1038 1353; baseline 0 -13"><span class='ocrx_word' id='word_1_35' title='bbox 181 1296 370 1341; x_wconf 83' lang='lat' dir='ltr'>Alumna</span> <span class='ocrx_word' id='word_1_36' title='bbox 397 1299 450 1340; x_wconf 90' lang='lat' dir='ltr'>ab</span> <span class='ocrx_word' id='word_1_37' title='bbox 472 1299 624 1340; x_wconf 87' lang='lat' dir='ltr'>alendo</span> <span class='ocrx_word' id='word_1_38' title='bbox 647 1298 779 1340; x_wconf 85' lang='lat' dir='ltr'>dicta:</span> <span class='ocrx_word' id='word_1_39' title='bbox 809 1313 910 1339; x_wconf 90' lang='lat' dir='ltr'>nam</span> <span class='ocrx_word' id='word_1_40' title='bbox 930 1313 1038 1353; x_wconf 87' lang='lat' dir='ltr'>quae</span> 
     </span>
     <span class='ocr_line' id='line_1_9' title="bbox 241 1370 1039 1425; baseline -0.001 -14"><span class='ocrx_word' id='word_1_41' title='bbox 241 1370 320 1411; x_wconf 87' lang='lat' dir='ltr'>alit</span> <span class='ocrx_word' id='word_1_42' title='bbox 352 1373 396 1412; x_wconf 91' lang='lat' dir='ltr'>et</span> <span class='ocrx_word' id='word_1_43' title='bbox 429 1385 536 1425; x_wconf 88' lang='lat' dir='ltr'>quae</span> <span class='ocrx_word' id='word_1_44' title='bbox 577 1370 708 1411; x_wconf 87' lang='lat' dir='ltr'>alitur</span> <span class='ocrx_word' id='word_1_45' title='bbox 747 1370 922 1411; x_wconf 87' lang='lat' dir='ltr'>alumna</span> <span class='ocrx_word' id='word_1_46' title='bbox 955 1370 1039 1411; x_wconf 85' lang='lat' dir='ltr'>dici</span> 
     </span>
     <span class='ocr_line' id='line_1_10' title="bbox 239 1441 1037 1497; baseline -0.001 -14"><span class='ocrx_word' id='word_1_47' title='bbox 239 1444 396 1497; x_wconf 85' lang='lat' dir='ltr'>potest.</span> <span class='ocrx_word' id='word_1_48' title='bbox 449 1442 492 1483; x_wconf 89' lang='lat' dir='ltr'>id</span> <span class='ocrx_word' id='word_1_49' title='bbox 537 1445 604 1483; x_wconf 88' lang='lat' dir='ltr'>est</span> <span class='ocrx_word' id='word_1_50' title='bbox 647 1441 795 1483; x_wconf 88' lang='lat' dir='ltr'>nutrix</span> <span class='ocrx_word' id='word_1_51' title='bbox 840 1444 884 1483; x_wconf 89' lang='lat' dir='ltr'>et</span> <span class='ocrx_word' id='word_1_52' title='bbox 929 1456 1037 1496; x_wconf 83' lang='lat' dir='ltr'>quae</span> 
     </span>
     <span class='ocr_line' id='line_1_11' title="bbox 240 1512 1038 1554; baseline 0 0"><span class='ocrx_word' id='word_1_53' title='bbox 240 1513 434 1554; x_wconf 82' lang='lat' dir='ltr'>nutritur</span> <span class='ocrx_word' id='word_1_54' title='bbox 475 1515 518 1554; x_wconf 89' lang='lat' dir='ltr'>et</span> <span class='ocrx_word' id='word_1_55' title='bbox 558 1512 709 1554; x_wconf 84' lang='lat' dir='ltr'>nutrit.</span> <span class='ocrx_word' id='word_1_56' title='bbox 767 1513 842 1554; x_wconf 89' lang='lat' dir='ltr'>sed</span> <span class='ocrx_word' id='word_1_57' title='bbox 883 1513 1038 1554; x_wconf 90' lang='lat' dir='ltr'>melius</span> 
     </span>
     <span class='ocr_line' id='line_1_12' title="bbox 240 1585 764 1639; baseline 0 -14"><span class='ocrx_word' id='word_1_58' title='bbox 240 1587 388 1626; x_wconf 82' lang='lat' dir='ltr'>tamen</span> <span class='ocrx_word' id='word_1_59' title='bbox 421 1599 527 1639; x_wconf 85' lang='lat' dir='ltr'>quae</span> <span class='ocrx_word' id='word_1_60' title='bbox 560 1585 764 1626; x_wconf 89' lang='lat' dir='ltr'>nutritur.</span> 
     </span>
    </p>

    <p class='ocr_par' dir='ltr' id='par_1_5' title="bbox 181 1655 1036 1698">
     <span class='ocr_line' id='line_1_13' title="bbox 181 1655 1036 1698; baseline 0 -2"><span class='ocrx_word' id='word_1_61' title='bbox 181 1655 318 1697; x_wconf 87' lang='lat' dir='ltr'>Abuti</span> <span class='ocrx_word' id='word_1_62' title='bbox 351 1659 394 1698; x_wconf 90' lang='lat' dir='ltr'>et</span> <span class='ocrx_word' id='word_1_63' title='bbox 426 1657 533 1698; x_wconf 90' lang='lat' dir='ltr'>bene</span> <span class='ocrx_word' id='word_1_64' title='bbox 561 1657 625 1698; x_wconf 91' lang='lat' dir='ltr'>uti</span> <span class='ocrx_word' id='word_1_65' title='bbox 653 1659 719 1698; x_wconf 91' lang='lat' dir='ltr'>est</span> <span class='ocrx_word' id='word_1_66' title='bbox 746 1659 789 1698; x_wconf 88' lang='lat' dir='ltr'>et</span> <span class='ocrx_word' id='word_1_67' title='bbox 817 1656 930 1697; x_wconf 86' lang='lat' dir='ltr'>male</span> <span class='ocrx_word' id='word_1_68' title='bbox 962 1656 1036 1697; x_wconf 86' lang='lat' dir='ltr'>uti.</span> 
     </span>
    </p>

    <p class='ocr_par' dir='ltr' id='par_1_6' title="bbox 181 1727 1039 1913">
     <span class='ocr_line' id='line_1_14' title="bbox 181 1727 1038 1783; baseline -0.001 -14"><span class='ocrx_word' id='word_1_69' title='bbox 181 1727 382 1770; x_wconf 83' lang='lat' dir='ltr'>Abnuere</span> <span class='ocrx_word' id='word_1_70' title='bbox 411 1731 476 1770; x_wconf 89' lang='lat' dir='ltr'>est</span> <span class='ocrx_word' id='word_1_71' title='bbox 502 1743 700 1770; x_wconf 88' lang='lat' dir='ltr'>recusare</span> <span class='ocrx_word' id='word_1_72' title='bbox 729 1727 944 1783; x_wconf 79' lang='lat' dir='ltr'>abnegare</span> <span class='ocrx_word' id='word_1_73' title='bbox 971 1727 1038 1768; x_wconf 88' lang='lat' dir='ltr'>cui</span> 
     </span>
     <span class='ocr_line' id='line_1_15' title="bbox 240 1799 1039 1841; baseline -0.001 -1"><span class='ocrx_word' id='word_1_74' title='bbox 240 1800 506 1841; x_wconf 87' lang='lat' dir='ltr'>contrarium</span> <span class='ocrx_word' id='word_1_75' title='bbox 549 1803 614 1841; x_wconf 90' lang='lat' dir='ltr'>est</span> <span class='ocrx_word' id='word_1_76' title='bbox 655 1800 840 1841; x_wconf 82' lang='lat' dir='ltr'>adnuere</span> <span class='ocrx_word' id='word_1_77' title='bbox 884 1799 926 1840; x_wconf 91' lang='lat' dir='ltr'>id</span> <span class='ocrx_word' id='word_1_78' title='bbox 972 1801 1039 1840; x_wconf 87' lang='lat' dir='ltr'>est</span> 
     </span>
     <span class='ocr_line' id='line_1_16' title="bbox 239 1871 717 1913; baseline 0 -1"><span class='ocrx_word' id='word_1_79' title='bbox 239 1871 340 1912; x_wconf 87' lang='lat' dir='ltr'>dare</span> <span class='ocrx_word' id='word_1_80' title='bbox 373 1871 442 1912; x_wconf 94' lang='lat' dir='ltr'>uel</span> <span class='ocrx_word' id='word_1_81' title='bbox 475 1871 717 1913; x_wconf 88' lang='lat' dir='ltr'>concedere.</span> 
     </span>
    </p>

    <p class='ocr_par' dir='ltr' id='par_1_7' title="bbox 143 1940 1039 2069">
     <span class='ocr_line' id='line_1_17' title="bbox 143 1940 1039 1995; baseline -0.001 -12"><span class='ocrx_word' id='word_1_82' title='bbox 143 1951 159 1976; x_wconf 87' lang='grc'>5</span> <span class='ocrx_word' id='word_1_83' title='bbox 180 1940 380 1984; x_wconf 87' lang='lat' dir='ltr'>Adsciuit</span> <span class='ocrx_word' id='word_1_84' title='bbox 407 1942 490 1983; x_wconf 85' lang='lat' dir='ltr'>sibi</span> <span class='ocrx_word' id='word_1_85' title='bbox 519 1942 714 1995; x_wconf 86' lang='lat' dir='ltr'>adiunxit</span> <span class='ocrx_word' id='word_1_86' title='bbox 741 1941 823 1983; x_wconf 85' lang='lat' dir='ltr'>sibi</span> <span class='ocrx_word' id='word_1_87' title='bbox 850 1941 1039 1983; x_wconf 88' lang='lat' dir='ltr'>alienum</span> 
     </span>
     <span class='ocr_line' id='line_1_18' title="bbox 240 2014 669 2069; baseline 0.002 -15"><span class='ocrx_word' id='word_1_88' title='bbox 240 2014 354 2069; x_wconf 87' lang='lat' dir='ltr'>quod</span> <span class='ocrx_word' id='word_1_89' title='bbox 385 2029 473 2056; x_wconf 88' lang='lat' dir='ltr'>non</span> <span class='ocrx_word' id='word_1_90' title='bbox 503 2014 669 2055; x_wconf 90' lang='lat' dir='ltr'>habuit.</span> 
     </span>
    </p>

    <p class='ocr_par' dir='ltr' id='par_1_8' title="bbox 177 2083 1037 2211">
     <span class='ocr_line' id='line_1_19' title="bbox 177 2083 1037 2127; baseline 0 -2"><span class='ocrx_word' id='word_1_91' title='bbox 177 2083 450 2127; x_wconf 88' lang='lat' dir='ltr'>Altrinsecus</span> <span class='ocrx_word' id='word_1_92' title='bbox 494 2100 583 2127; x_wconf 90' lang='lat' dir='ltr'>non</span> <span class='ocrx_word' id='word_1_93' title='bbox 627 2100 678 2126; x_wconf 86' lang='lat' dir='ltr'>ex</span> <span class='ocrx_word' id='word_1_94' title='bbox 725 2085 815 2126; x_wconf 87' lang='lat' dir='ltr'>alto</span> <span class='ocrx_word' id='word_1_95' title='bbox 868 2085 942 2126; x_wconf 91' lang='lat' dir='ltr'>sed</span> <span class='ocrx_word' id='word_1_96' title='bbox 986 2099 1037 2125; x_wconf 83' lang='lat' dir='ltr'>ex</span> 
     </span>
     <span class='ocr_line' id='line_1_20' title="bbox 239 2156 542 2211; baseline 0.007 -15"><span class='ocrx_word' id='word_1_97' title='bbox 239 2156 375 2197; x_wconf 89' lang='lat' dir='ltr'>altera</span> <span class='ocrx_word' id='word_1_98' title='bbox 406 2159 542 2211; x_wconf 85' lang='lat' dir='ltr'>parte.</span> 
     </span>
    </p>

    <p class='ocr_par' dir='ltr' id='par_1_9' title="bbox 179 2227 1038 2412">
     <span class='ocr_line' id='line_1_21' title="bbox 179 2227 1038 2270; baseline 0 -2"><span class='ocrx_word' id='word_1_99' title='bbox 179 2227 373 2269; x_wconf 89' lang='lat' dir='ltr'>Abactus</span> <span class='ocrx_word' id='word_1_100' title='bbox 401 2231 468 2269; x_wconf 90' lang='lat' dir='ltr'>est</span> <span class='ocrx_word' id='word_1_101' title='bbox 493 2228 543 2269; x_wconf 88' lang='lat' dir='ltr'>de</span> <span class='ocrx_word' id='word_1_102' title='bbox 577 2228 717 2270; x_wconf 85' lang='lat' dir='ltr'>medio</span> <span class='ocrx_word' id='word_1_103' title='bbox 745 2228 944 2269; x_wconf 84' lang='lat' dir='ltr'>sublatus</span> <span class='ocrx_word' id='word_1_104' title='bbox 972 2230 1038 2268; x_wconf 90' lang='lat' dir='ltr'>est</span> 
     </span>
     <span class='ocr_line' id='line_1_22' title="bbox 241 2299 1038 2353; baseline 0.001 -14"><span class='ocrx_word' id='word_1_105' title='bbox 241 2301 284 2339; x_wconf 91' lang='lat' dir='ltr'>et</span> <span class='ocrx_word' id='word_1_106' title='bbox 304 2301 455 2353; x_wconf 89' lang='lat' dir='ltr'>raptus</span> <span class='ocrx_word' id='word_1_107' title='bbox 475 2300 587 2341; x_wconf 89' lang='lat' dir='ltr'>unde</span> <span class='ocrx_word' id='word_1_108' title='bbox 603 2300 794 2342; x_wconf 85' lang='lat' dir='ltr'>latrones</span> <span class='ocrx_word' id='word_1_109' title='bbox 811 2299 1038 2340; x_wconf 71' lang='lat' dir='ltr'>abactores</span> 
     </span>
     <span class='ocr_line' id='line_1_23' title="bbox 239 2369 453 2412; baseline 0.009 -2"><span class='ocrx_word' id='word_1_110' title='bbox 239 2369 453 2412; x_wconf 86' lang='lat' dir='ltr'>(licuntur.</span> 
     </span>
    </p>

    <p class='ocr_par' dir='ltr' id='par_1_10' title="bbox 178 2438 1036 2553">
     <span class='ocr_line' id='line_1_24' title="bbox 178 2438 1036 2496; baseline 0.002 -16"><span class='ocrx_word' id='word_1_111' title='bbox 178 2438 371 2482; x_wconf 86' lang='lat' dir='ltr'>Adhesio</span> <span class='ocrx_word' id='word_1_112' title='bbox 410 2442 517 2483; x_wconf 89' lang='lat' dir='ltr'>bene</span> <span class='ocrx_word' id='word_1_113' title='bbox 557 2441 715 2483; x_wconf 88' lang='lat' dir='ltr'>dicitur</span> <span class='ocrx_word' id='word_1_114' title='bbox 752 2442 805 2483; x_wconf 85' lang='lat' dir='ltr'>ab</span> <span class='ocrx_word' id='word_1_115' title='bbox 840 2457 889 2483; x_wconf 93' lang='lat' dir='ltr'>eo</span> <span class='ocrx_word' id='word_1_116' title='bbox 924 2442 1036 2496; x_wconf 86' lang='lat' dir='ltr'>quod</span> 
     </span>
     <span class='ocr_line' id='line_1_25' title="bbox 239 2511 499 2553; baseline 0.004 -1"><span class='ocrx_word' id='word_1_117' title='bbox 239 2514 305 2552; x_wconf 88' lang='lat' dir='ltr'>est</span> <span class='ocrx_word' id='word_1_118' title='bbox 336 2511 499 2553; x_wconf 90' lang='lat' dir='ltr'>hesere.</span> 
     </span>
    </p>

    <p class='ocr_par' dir='ltr' id='par_1_11' title="bbox 178 2580 1038 2782">
     <span class='ocr_line' id='line_1_26' title="bbox 178 2580 1038 2638; baseline 0.003 -16"><span class='ocrx_word' id='word_1_119' title='bbox 178 2580 391 2624; x_wconf 86' lang='lat' dir='ltr'>Aedituus</span> <span class='ocrx_word' id='word_1_120' title='bbox 432 2584 506 2638; x_wconf 87' lang='lat' dir='ltr'>qui</span> <span class='ocrx_word' id='word_1_121' title='bbox 545 2585 661 2625; x_wconf 82' lang='lat' dir='ltr'>aedis</span> <span class='ocrx_word' id='word_1_122' title='bbox 702 2588 768 2626; x_wconf 86' lang='lat' dir='ltr'>est</span> <span class='ocrx_word' id='word_1_123' title='bbox 808 2587 955 2626; x_wconf 89' lang='lat' dir='ltr'>custos</span> <span class='ocrx_word' id='word_1_124' title='bbox 995 2587 1038 2625; x_wconf 80' lang='lat' dir='ltr'>et</span> 
     </span>
     <span class='ocr_line' id='line_1_27' title="bbox 239 2654 1037 2711; baseline 0.004 -17"><span class='ocrx_word' id='word_1_125' title='bbox 239 2654 468 2695; x_wconf 82' lang='lat' dir='ltr'>scribimus</span> <span class='ocrx_word' id='word_1_126' title='bbox 507 2670 605 2697; x_wconf 91' lang='lat' dir='ltr'>cum</span> <span class='ocrx_word' id='word_1_127' title='bbox 644 2656 853 2711; x_wconf 81' lang='lat' dir='ltr'>diptongo</span> <span class='ocrx_word' id='word_1_128' title='bbox 893 2655 1037 2697; x_wconf 88' lang='lat' dir='ltr'>editis-</span> 
     </span>
     <span class='ocr_line' id='line_1_28' title="bbox 239 2724 924 2782; baseline 0.004 -17"><span class='ocrx_word' id='word_1_129' title='bbox 239 2724 349 2766; x_wconf 89' lang='lat' dir='ltr'>sima</span> <span class='ocrx_word' id='word_1_130' title='bbox 380 2740 483 2767; x_wconf 88' lang='lat' dir='ltr'>uero</span> <span class='ocrx_word' id='word_1_131' title='bbox 517 2726 612 2768; x_wconf 89' lang='lat' dir='ltr'>loca</span> <span class='ocrx_word' id='word_1_132' title='bbox 645 2730 924 2782; x_wconf 83' lang='lat' dir='ltr'>monotonga.</span> 
     </span>
    </p>
   </div>
   <div class='ocr_carea' id='block_1_5' title="bbox 320 2810 464 2813">
    <p class='ocr_par' dir='ltr' id='par_1_12' title="bbox 320 2810 464 2813">
     <span class='ocr_line' id='line_1_29' title="bbox 320 2810 464 2813; baseline 0 0"><span class='ocrx_word' id='word_1_133' title='bbox 320 2810 464 2813; x_wconf 95' lang='lat' dir='ltr'> </span> 
     </span>
    </p>
   </div>
   <div class='ocr_carea' id='block_1_6' title="bbox 1073 1156 1936 2141">
    <p class='ocr_par' dir='ltr' id='par_1_13' title="bbox 1073 1156 1936 2141">
     <span class='ocr_line' id='line_1_30' title="bbox 1076 1156 1793 1213; baseline 0.003 -15"><span class='ocrx_word' id='word_1_134' title='bbox 1076 1156 1303 1199; x_wconf 88' lang='lat' dir='ltr'>Alterutra</span> <span class='ocrx_word' id='word_1_135' title='bbox 1333 1173 1434 1213; x_wconf 87' lang='lat' dir='ltr'>pars</span> <span class='ocrx_word' id='word_1_136' title='bbox 1467 1161 1650 1213; x_wconf 89' lang='lat' dir='ltr'>utraque</span> <span class='ocrx_word' id='word_1_137' title='bbox 1682 1173 1793 1212; x_wconf 84' lang='lat' dir='ltr'>pars.</span> 
     </span>
     <span class='ocr_line' id='line_1_31' title="bbox 1079 1228 1935 1285; baseline 0 -15"><span class='ocrx_word' id='word_1_138' title='bbox 1079 1228 1244 1270; x_wconf 86' lang='lat' dir='ltr'>Aethra</span> <span class='ocrx_word' id='word_1_139' title='bbox 1276 1230 1447 1285; x_wconf 81' lang='lat' dir='ltr'>generis</span> <span class='ocrx_word' id='word_1_140' title='bbox 1480 1229 1677 1271; x_wconf 88' lang='lat' dir='ltr'>feminini</span> <span class='ocrx_word' id='word_1_141' title='bbox 1704 1232 1747 1271; x_wconf 88' lang='lat' dir='ltr'>et</span> <span class='ocrx_word' id='word_1_142' title='bbox 1779 1232 1844 1271; x_wconf 88' lang='lat' dir='ltr'>est</span> <span class='ocrx_word' id='word_1_143' title='bbox 1875 1230 1935 1270; x_wconf 88' lang='lat' dir='ltr'>lo-</span> 
     </span>
     <span class='ocr_line' id='line_1_32' title="bbox 1138 1301 1934 1355; baseline 0 -13"><span class='ocrx_word' id='word_1_144' title='bbox 1138 1315 1211 1342; x_wconf 88' lang='lat' dir='ltr'>cus</span> <span class='ocrx_word' id='word_1_145' title='bbox 1257 1301 1302 1342; x_wconf 88' lang='lat' dir='ltr'>in</span> <span class='ocrx_word' id='word_1_146' title='bbox 1341 1315 1425 1355; x_wconf 88' lang='lat' dir='ltr'>quo</span> <span class='ocrx_word' id='word_1_147' title='bbox 1471 1301 1612 1342; x_wconf 89' lang='lat' dir='ltr'>sidera</span> <span class='ocrx_word' id='word_1_148' title='bbox 1656 1304 1766 1343; x_wconf 88' lang='lat' dir='ltr'>sunt.</span> <span class='ocrx_word' id='word_1_149' title='bbox 1823 1301 1934 1342; x_wconf 89' lang='lat' dir='ltr'>unde</span> 
     </span>
     <span class='ocr_line' id='line_1_33' title="bbox 1138 1372 1934 1427; baseline 0.001 -14"><span class='ocrx_word' id='word_1_150' title='bbox 1138 1372 1314 1414; x_wconf 85' lang='lat' dir='ltr'>aethera</span> <span class='ocrx_word' id='word_1_151' title='bbox 1329 1373 1483 1427; x_wconf 81' lang='lat' dir='ltr'>sydera</span> <span class='ocrx_word' id='word_1_152' title='bbox 1497 1373 1692 1414; x_wconf 83' lang='lat' dir='ltr'>dicimus.</span> <span class='ocrx_word' id='word_1_153' title='bbox 1717 1375 1934 1414; x_wconf 85' lang='lat' dir='ltr'>caeterum</span> 
     </span>
     <span class='ocr_line' id='line_1_34' title="bbox 1137 1443 1936 1499; baseline 0.001 -15"><span class='ocrx_word' id='word_1_154' title='bbox 1137 1443 1314 1485; x_wconf 91' lang='lat' dir='ltr'>aethera</span> <span class='ocrx_word' id='word_1_155' title='bbox 1346 1444 1516 1499; x_wconf 81' lang='lat' dir='ltr'>generis</span> <span class='ocrx_word' id='word_1_156' title='bbox 1544 1443 1772 1486; x_wconf 83' lang='lat' dir='ltr'>masculini</span> <span class='ocrx_word' id='word_1_157' title='bbox 1805 1459 1936 1498; x_wconf 85' lang='lat' dir='ltr'>supra</span> 
     </span>
     <span class='ocr_line' id='line_1_35' title="bbox 1138 1515 1934 1571; baseline 0.003 -16"><span class='ocrx_word' id='word_1_158' title='bbox 1138 1515 1280 1556; x_wconf 88' lang='lat' dir='ltr'>caelos</span> <span class='ocrx_word' id='word_1_159' title='bbox 1319 1518 1386 1556; x_wconf 92' lang='lat' dir='ltr'>est</span> <span class='ocrx_word' id='word_1_160' title='bbox 1423 1515 1576 1571; x_wconf 81' lang='lat' dir='ltr'>igneae</span> <span class='ocrx_word' id='word_1_161' title='bbox 1615 1515 1934 1570; x_wconf 85' lang='lat' dir='ltr'>inuisibilisque</span> 
     </span>
     <span class='ocr_line' id='line_1_36' title="bbox 1136 1586 1936 1642; baseline 0.004 -16"><span class='ocrx_word' id='word_1_162' title='bbox 1136 1588 1317 1627; x_wconf 85' lang='lat' dir='ltr'>naturae</span> <span class='ocrx_word' id='word_1_163' title='bbox 1340 1600 1467 1641; x_wconf 90' lang='lat' dir='ltr'>quem</span> <span class='ocrx_word' id='word_1_164' title='bbox 1495 1586 1670 1642; x_wconf 87' lang='lat' dir='ltr'>quidam</span> <span class='ocrx_word' id='word_1_165' title='bbox 1697 1587 1823 1628; x_wconf 91' lang='lat' dir='ltr'>deum</span> <span class='ocrx_word' id='word_1_166' title='bbox 1849 1602 1936 1628; x_wconf 93' lang='lat' dir='ltr'>ma-</span> 
     </span>
     <span class='ocr_line' id='line_1_37' title="bbox 1137 1657 1904 1714; baseline 0.003 -16"><span class='ocrx_word' id='word_1_167' title='bbox 1137 1671 1272 1710; x_wconf 83' lang='lat' dir='ltr'>gnum</span> <span class='ocrx_word' id='word_1_168' title='bbox 1303 1657 1372 1698; x_wconf 90' lang='lat' dir='ltr'>uel</span> <span class='ocrx_word' id='word_1_169' title='bbox 1406 1658 1497 1699; x_wconf 88' lang='lat' dir='ltr'>eius</span> <span class='ocrx_word' id='word_1_170' title='bbox 1531 1673 1713 1714; x_wconf 78' lang='lat' dir='ltr'>regnum</span> <span class='ocrx_word' id='word_1_171' title='bbox 1745 1658 1904 1700; x_wconf 86' lang='lat' dir='ltr'>dicunt.</span> 
     </span>
     <span class='ocr_line' id='line_1_38' title="bbox 1078 1715 1934 1784; baseline 0.002 -16"><span class='ocrx_word' id='word_1_172' title='bbox 1078 1726 1259 1769; x_wconf 82' lang='lat' dir='ltr'>Aeuitas</span> <span class='ocrx_word' id='word_1_173' title='bbox 1306 1729 1478 1783; x_wconf 87' lang='lat' dir='ltr'>quidem</span> <span class='ocrx_word' id='word_1_174' title='bbox 1524 1732 1671 1784; x_wconf 86' lang='lat' dir='ltr'>potest</span> <span class='ocrx_word' id='word_1_175' title='bbox 1716 1715 1934 1771; x_wconf 41' lang='lat' dir='ltr'>dicissed</span> 
     </span>
     <span class='ocr_line' id='line_1_39' title="bbox 1137 1800 1934 1857; baseline 0.003 -17"><span class='ocrx_word' id='word_1_176' title='bbox 1137 1814 1283 1841; x_wconf 85' lang='lat' dir='ltr'>rarum</span> <span class='ocrx_word' id='word_1_177' title='bbox 1316 1803 1382 1841; x_wconf 87' lang='lat' dir='ltr'>est</span> <span class='ocrx_word' id='word_1_178' title='bbox 1421 1800 1465 1840; x_wconf 89' lang='lat' dir='ltr'>in</span> <span class='ocrx_word' id='word_1_179' title='bbox 1497 1815 1578 1842; x_wconf 91' lang='lat' dir='ltr'>usu</span> <span class='ocrx_word' id='word_1_180' title='bbox 1609 1801 1750 1857; x_wconf 83' lang='lat' dir='ltr'>magis</span> <span class='ocrx_word' id='word_1_181' title='bbox 1788 1816 1934 1856; x_wconf 88' lang='lat' dir='ltr'>perpe-</span> 
     </span>
     <span class='ocr_line' id='line_1_40' title="bbox 1137 1871 1840 1914; baseline 0.003 -3"><span class='ocrx_word' id='word_1_182' title='bbox 1137 1871 1271 1912; x_wconf 87' lang='lat' dir='ltr'>tuitas</span> <span class='ocrx_word' id='word_1_183' title='bbox 1306 1871 1374 1912; x_wconf 87' lang='lat' dir='ltr'>uel</span> <span class='ocrx_word' id='word_1_184' title='bbox 1407 1872 1641 1913; x_wconf 67' lang='lat' dir='ltr'>aeternitas</span> <span class='ocrx_word' id='word_1_185' title='bbox 1674 1872 1840 1914; x_wconf 89' lang='lat' dir='ltr'>dicitur.</span> 
     </span>
     <span class='ocr_line' id='line_1_41' title="bbox 1080 1942 1909 1999; baseline 0.002 -16"><span class='ocrx_word' id='word_1_186' title='bbox 1080 1942 1247 1983; x_wconf 89' lang='lat' dir='ltr'>Aeuum</span> <span class='ocrx_word' id='word_1_187' title='bbox 1279 1945 1425 1984; x_wconf 88' lang='lat' dir='ltr'>autem</span> <span class='ocrx_word' id='word_1_188' title='bbox 1457 1943 1627 1999; x_wconf 82' lang='lat' dir='ltr'>generis</span> <span class='ocrx_word' id='word_1_189' title='bbox 1659 1944 1804 1985; x_wconf 86' lang='lat' dir='ltr'>neutri</span> <span class='ocrx_word' id='word_1_190' title='bbox 1833 1946 1909 1985; x_wconf 90' lang='lat' dir='ltr'>est.</span> 
     </span>
     <span class='ocr_line' id='line_1_42' title="bbox 1073 2012 1933 2070; baseline 0.001 -15"><span class='ocrx_word' id='word_1_191' title='bbox 1073 2012 1195 2055; x_wconf 87' lang='lat' dir='ltr'>Auus</span> <span class='ocrx_word' id='word_1_192' title='bbox 1221 2016 1346 2069; x_wconf 86' lang='lat' dir='ltr'>pater</span> <span class='ocrx_word' id='word_1_193' title='bbox 1371 2015 1508 2069; x_wconf 84' lang='lat' dir='ltr'>patris</span> <span class='ocrx_word' id='word_1_194' title='bbox 1543 2018 1609 2056; x_wconf 86' lang='lat' dir='ltr'>est</span> <span class='ocrx_word' id='word_1_195' title='bbox 1640 2030 1829 2070; x_wconf 85' lang='lat' dir='ltr'>proauus</span> <span class='ocrx_word' id='word_1_196' title='bbox 1863 2015 1933 2056; x_wconf 80' lang='lat' dir='ltr'>aui</span> 
     </span>
     <span class='ocr_line' id='line_1_43' title="bbox 1134 2074 1802 2141; baseline 0.001 -15"><span class='ocrx_word' id='word_1_197' title='bbox 1134 2074 1259 2139; x_wconf 81' lang='lat' dir='ltr'>pater</span> <span class='ocrx_word' id='word_1_198' title='bbox 1291 2085 1479 2127; x_wconf 86' lang='lat' dir='ltr'>tritauus</span> <span class='ocrx_word' id='word_1_199' title='bbox 1514 2087 1632 2128; x_wconf 85' lang='lat' dir='ltr'>ataui</span> <span class='ocrx_word' id='word_1_200' title='bbox 1666 2089 1802 2141; x_wconf 87' lang='lat' dir='ltr'>pater.</span> 
     </span>
    </p>
   </div>
   <div class='ocr_carea' id='block_1_7' title="bbox 1076 2156 1986 2212">
    <p class='ocr_par' dir='ltr' id='par_1_14' title="bbox 1076 2156 1986 2212">
     <span class='ocr_line' id='line_1_44' title="bbox 1076 2156 1986 2212; baseline 0.002 -15"><span class='ocrx_word' id='word_1_201' title='bbox 1076 2156 1352 2198; x_wconf 87' lang='lat' dir='ltr'>Alterutrum</span> <span class='ocrx_word' id='word_1_202' title='bbox 1373 2160 1448 2199; x_wconf 85' lang='lat' dir='ltr'>aut</span> <span class='ocrx_word' id='word_1_203' title='bbox 1474 2158 1580 2199; x_wconf 90' lang='lat' dir='ltr'>illud</span> <span class='ocrx_word' id='word_1_204' title='bbox 1608 2160 1683 2199; x_wconf 91' lang='lat' dir='ltr'>aut</span> <span class='ocrx_word' id='word_1_205' title='bbox 1702 2160 1932 2212; x_wconf 84' lang='lat' dir='ltr'>utrumque</span> <span class='ocrx_word' id='word_1_206' title='bbox 1971 2177 1986 2194; x_wconf 83' lang='lat'>0</span> 
     </span>
    </p>
   </div>
   <div class='ocr_carea' id='block_1_8' title="bbox 1075 2228 1933 2769">
    <p class='ocr_par' dir='ltr' id='par_1_15' title="bbox 1137 2228 1932 2341">
     <span class='ocr_line' id='line_1_45' title="bbox 1137 2228 1932 2285; baseline 0 -15"><span class='ocrx_word' id='word_1_207' title='bbox 1137 2228 1478 2284; x_wconf 82' lang='lat' dir='ltr'>significationes</span> <span class='ocrx_word' id='word_1_208' title='bbox 1518 2229 1659 2285; x_wconf 77' lang='lat' dir='ltr'>magis</span> <span class='ocrx_word' id='word_1_209' title='bbox 1699 2229 1803 2270; x_wconf 87' lang='lat' dir='ltr'>duas</span> <span class='ocrx_word' id='word_1_210' title='bbox 1839 2244 1932 2284; x_wconf 88' lang='lat' dir='ltr'>par-</span> 
     </span>
     <span class='ocr_line' id='line_1_46' title="bbox 1139 2300 1376 2341; baseline 0 0"><span class='ocrx_word' id='word_1_211' title='bbox 1139 2302 1201 2341; x_wconf 88' lang='lat' dir='ltr'>tes</span> <span class='ocrx_word' id='word_1_212' title='bbox 1232 2300 1376 2341; x_wconf 87' lang='lat' dir='ltr'>habet.</span> 
     </span>
    </p>

    <p class='ocr_par' dir='ltr' id='par_1_16' title="bbox 1075 2370 1933 2769">
     <span class='ocr_line' id='line_1_47' title="bbox 1075 2370 1931 2428; baseline 0.001 -17"><span class='ocrx_word' id='word_1_213' title='bbox 1075 2370 1164 2412; x_wconf 89' lang='lat' dir='ltr'>Alii</span> <span class='ocrx_word' id='word_1_214' title='bbox 1198 2370 1428 2413; x_wconf 88' lang='lat' dir='ltr'>scribimus</span> <span class='ocrx_word' id='word_1_215' title='bbox 1467 2372 1749 2428; x_wconf 82' lang='lat' dir='ltr'>singulariter</span> <span class='ocrx_word' id='word_1_216' title='bbox 1785 2371 1931 2413; x_wconf 87' lang='lat' dir='ltr'>datiuo</span> 
     </span>
     <span class='ocr_line' id='line_1_48' title="bbox 1136 2442 1932 2484; baseline -0.001 0"><span class='ocrx_word' id='word_1_217' title='bbox 1136 2457 1237 2484; x_wconf 89' lang='lat' dir='ltr'>casu</span> <span class='ocrx_word' id='word_1_218' title='bbox 1288 2445 1337 2483; x_wconf 88' lang='lat' dir='ltr'>ut</span> <span class='ocrx_word' id='word_1_219' title='bbox 1387 2442 1437 2483; x_wconf 86' lang='lat' dir='ltr'>de</span> <span class='ocrx_word' id='word_1_220' title='bbox 1490 2443 1667 2484; x_wconf 77' lang='lat' dir='ltr'>catilina</span> <span class='ocrx_word' id='word_1_221' title='bbox 1725 2443 1932 2484; x_wconf 89' lang='lat' dir='ltr'>salustius</span> 
     </span>
     <span class='ocr_line' id='line_1_49' title="bbox 1135 2513 1933 2569; baseline 0 -15"><span class='ocrx_word' id='word_1_222' title='bbox 1135 2514 1242 2555; x_wconf 87' lang='lat' dir='ltr'>dicit</span> <span class='ocrx_word' id='word_1_223' title='bbox 1274 2514 1436 2555; x_wconf 80' lang='lat' dir='ltr'>inultos</span> <span class='ocrx_word' id='word_1_224' title='bbox 1463 2514 1668 2556; x_wconf 86' lang='lat' dir='ltr'>iuuenum</span> <span class='ocrx_word' id='word_1_225' title='bbox 1702 2513 1933 2569; x_wconf 86' lang='lat' dir='ltr'>pellicebat</span> 
     </span>
     <span class='ocr_line' id='line_1_50' title="bbox 1137 2585 1933 2627; baseline 0.001 -3"><span class='ocrx_word' id='word_1_226' title='bbox 1137 2585 1323 2627; x_wconf 88' lang='lat' dir='ltr'>diuersis</span> <span class='ocrx_word' id='word_1_227' title='bbox 1373 2585 1600 2627; x_wconf 86' lang='lat' dir='ltr'>illecebris.</span> <span class='ocrx_word' id='word_1_228' title='bbox 1670 2585 1743 2626; x_wconf 86' lang='lat' dir='ltr'>alii</span> <span class='ocrx_word' id='word_1_229' title='bbox 1789 2588 1933 2626; x_wconf 88' lang='lat' dir='ltr'>scorta</span> 
     </span>
     <span class='ocr_line' id='line_1_51' title="bbox 1136 2656 1932 2712; baseline -0.001 -15"><span class='ocrx_word' id='word_1_230' title='bbox 1136 2656 1343 2710; x_wconf 87' lang='lat' dir='ltr'>praebere</span> <span class='ocrx_word' id='word_1_231' title='bbox 1377 2657 1451 2697; x_wconf 89' lang='lat' dir='ltr'>alii</span> <span class='ocrx_word' id='word_1_232' title='bbox 1478 2672 1610 2712; x_wconf 90' lang='lat' dir='ltr'>equos</span> <span class='ocrx_word' id='word_1_233' title='bbox 1644 2656 1826 2698; x_wconf 85' lang='lat' dir='ltr'>mercari</span> <span class='ocrx_word' id='word_1_234' title='bbox 1858 2656 1932 2696; x_wconf 89' lang='lat' dir='ltr'>alii</span> 
     </span>
     <span class='ocr_line' id='line_1_52' title="bbox 1137 2728 1638 2769; baseline -0.002 0"><span class='ocrx_word' id='word_1_235' title='bbox 1137 2742 1263 2769; x_wconf 86' lang='lat' dir='ltr'>canes</span> <span class='ocrx_word' id='word_1_236' title='bbox 1297 2728 1349 2769; x_wconf 86' lang='lat' dir='ltr'>ad</span> <span class='ocrx_word' id='word_1_237' title='bbox 1381 2728 1638 2769; x_wconf 89' lang='lat' dir='ltr'>uenandum.</span> 
     </span>
    </p>
   </div>
   <div class='ocr_carea' id='block_1_9' title="bbox 177 2853 1931 3139">
    <p class='ocr_par' dir='ltr' id='par_1_17' title="bbox 177 2853 1931 3139">
     <span class='ocr_line' id='line_1_53' title="bbox 276 2853 1931 2903; baseline 0.003 -16"><span class='ocrx_word' id='word_1_238' title='bbox 276 2857 305 2888; x_wconf 84' lang='lat'>1.</span> <span class='ocrx_word' id='word_1_239' title='bbox 334 2853 602 2889; x_wconf 81' lang='lat' dir='ltr'><strong>GRAMATICI</strong></span> <span class='ocrx_word' id='word_1_240' title='bbox 628 2868 651 2890; x_wconf 79' lang='grc' dir='ltr'>(ι</span> <span class='ocrx_word' id='word_1_241' title='bbox 674 2858 676 2893; x_wconf 97' lang='grc' dir='ltr'>Ι</span> <span class='ocrx_word' id='word_1_242' title='bbox 700 2855 852 2890; x_wconf 85' lang='lat' dir='ltr'>PRIMO</span> <span class='ocrx_word' id='word_1_243' title='bbox 879 2855 975 2890; x_wconf 82' lang='lat' dir='ltr'>PER</span> <span class='ocrx_word' id='word_1_244' title='bbox 1000 2855 1032 2890; x_wconf 93' lang='lat' dir='ltr'>A</span> <span class='ocrx_word' id='word_1_245' title='bbox 1052 2855 1302 2890; x_wconf 83' lang='lat' dir='ltr'><strong>LITTERAM</strong></span> <span class='ocrx_word' id='word_1_246' title='bbox 1327 2857 1411 2891; x_wconf 75' lang='lat' dir='ltr'>add.</span> <span class='ocrx_word' id='word_1_247' title='bbox 1428 2868 1449 2890; x_wconf 89' lang='grc' dir='ltr'><em>α</em></span> <span class='ocrx_word' id='word_1_248' title='bbox 1469 2858 1480 2900; x_wconf 74' lang='lat' dir='ltr'>ss</span> <span class='ocrx_word' id='word_1_249' title='bbox 1501 2860 1532 2891; x_wconf 89' lang='grc'>8.</span> <span class='ocrx_word' id='word_1_250' title='bbox 1560 2856 1713 2890; x_wconf 86' lang='lat' dir='ltr'>haerere</span> <span class='ocrx_word' id='word_1_251' title='bbox 1740 2867 1831 2892; x_wconf 75' lang='lat' dir='ltr'>corr.</span> <span class='ocrx_word' id='word_1_252' title='bbox 1858 2856 1893 2891; x_wconf 49' lang='grc' dir='ltr'>οἳ</span> <span class='ocrx_word' id='word_1_253' title='bbox 1919 2857 1931 2903; x_wconf 64' lang='lat' dir='ltr'>Ji</span> 
     </span>
     <span class='ocr_line' id='line_1_54' title="bbox 180 2912 1929 2961; baseline 0.003 -15"><span class='ocrx_word' id='word_1_254' title='bbox 180 2917 211 2947; x_wconf 82' lang='lat'>9.</span> <span class='ocrx_word' id='word_1_255' title='bbox 252 2912 485 2959; x_wconf 83' lang='lat' dir='ltr'>diphthongo</span> <span class='ocrx_word' id='word_1_256' title='bbox 525 2915 544 2949; x_wconf 88' lang='lat' dir='ltr'>b</span> <span class='ocrx_word' id='word_1_257' title='bbox 582 2919 615 2949; x_wconf 78' lang='lat' dir='ltr'>et</span> <span class='ocrx_word' id='word_1_258' title='bbox 657 2926 701 2950; x_wconf 65' lang='lat' dir='ltr'>esc</span> <span class='ocrx_word' id='word_1_259' title='bbox 738 2927 828 2950; x_wconf 76' lang='lat' dir='ltr'>corr.</span> <span class='ocrx_word' id='word_1_260' title='bbox 868 2916 934 2950; x_wconf 49' lang='grc' dir='ltr'>(τοῖ’</span> <span class='ocrx_word' id='word_1_261' title='bbox 981 2918 985 2959; x_wconf 86' lang='grc' dir='ltr'>Ι</span> <span class='ocrx_word' id='word_1_262' title='bbox 1033 2914 1253 2949; x_wconf 82' lang='lat' dir='ltr'>edidissima</span> <span class='ocrx_word' id='word_1_263' title='bbox 1293 2915 1354 2950; x_wconf 83' lang='lat' dir='ltr'>ac¹</span> <span class='ocrx_word' id='word_1_264' title='bbox 1408 2918 1412 2958; x_wconf 74' lang='grc' dir='ltr'>Ι</span> <span class='ocrx_word' id='word_1_265' title='bbox 1460 2915 1716 2961; x_wconf 83' lang='lat' dir='ltr'>monothonga</span> <span class='ocrx_word' id='word_1_266' title='bbox 1754 2927 1844 2951; x_wconf 82' lang='lat' dir='ltr'>corr.</span> <span class='ocrx_word' id='word_1_267' title='bbox 1885 2915 1929 2951; x_wconf 50' lang='grc' dir='ltr'>οἳ.</span> 
     </span>
     <span class='ocr_line' id='line_1_55' title="bbox 178 2972 1928 3020; baseline 0.003 -16"><span class='ocrx_word' id='word_1_268' title='bbox 178 2972 459 3017; x_wconf 85' lang='lat' dir='ltr'>monophtonga</span> <span class='ocrx_word' id='word_1_269' title='bbox 486 2984 574 3008; x_wconf 76' lang='lat' dir='ltr'>corr.</span> <span class='ocrx_word' id='word_1_270' title='bbox 592 2975 611 3008; x_wconf 85' lang='lat' dir='ltr'><strong><em>b</em></strong></span> <span class='ocrx_word' id='word_1_271' title='bbox 630 2974 641 3017; x_wconf 94' lang='grc' dir='ltr'>ΙΙ</span> <span class='ocrx_word' id='word_1_272' title='bbox 669 2977 723 3009; x_wconf 91' lang='grc'>11.</span> <span class='ocrx_word' id='word_1_273' title='bbox 751 2975 788 3008; x_wconf 86' lang='lat' dir='ltr'>et</span> <span class='ocrx_word' id='word_1_274' title='bbox 813 2986 879 3010; x_wconf 85' lang='lat' dir='ltr'>om.</span> <span class='ocrx_word' id='word_1_275' title='bbox 900 2976 919 3010; x_wconf 84' lang='lat' dir='ltr'>b</span> <span class='ocrx_word' id='word_1_276' title='bbox 942 2976 947 3020; x_wconf 79' lang='lat'>1</span> <span class='ocrx_word' id='word_1_277' title='bbox 976 2974 1100 3009; x_wconf 82' lang='lat' dir='ltr'>sidera</span> <span class='ocrx_word' id='word_1_278' title='bbox 1126 2974 1284 3009; x_wconf 85' lang='lat' dir='ltr'>dicimus</span> <span class='ocrx_word' id='word_1_279' title='bbox 1311 2986 1355 3010; x_wconf 63' lang='lat' dir='ltr'>esc</span> <span class='ocrx_word' id='word_1_280' title='bbox 1381 2986 1471 3009; x_wconf 77' lang='lat' dir='ltr'>corr.</span> <span class='ocrx_word' id='word_1_281' title='bbox 1500 2975 1536 3009; x_wconf 64' lang='grc' dir='ltr'>οΞ</span> <span class='ocrx_word' id='word_1_282' title='bbox 1558 2977 1562 3019; x_wconf 93' lang='grc' dir='ltr'>Ι</span> <span class='ocrx_word' id='word_1_283' title='bbox 1592 2975 1746 3010; x_wconf 81' lang='lat' dir='ltr'>aethera</span> <span class='ocrx_word' id='word_1_284' title='bbox 1771 2987 1862 3010; x_wconf 78' lang='lat' dir='ltr'>corr.</span> <span class='ocrx_word' id='word_1_285' title='bbox 1890 2977 1928 3009; x_wconf 69' lang='lat'>2711</span> 
     </span>
     <span class='ocr_line' id='line_1_56' title="bbox 179 3030 1930 3080; baseline 0.003 -16"><span class='ocrx_word' id='word_1_286' title='bbox 179 3030 308 3077; x_wconf 81' lang='lat' dir='ltr'>aether</span> <span class='ocrx_word' id='word_1_287' title='bbox 334 3031 398 3076; x_wconf 69' lang='lat'>6²1}</span> <span class='ocrx_word' id='word_1_288' title='bbox 421 3035 474 3066; x_wconf 71' lang='grc'>12.</span> <span class='ocrx_word' id='word_1_289' title='bbox 502 3031 653 3075; x_wconf 82' lang='lat' dir='ltr'>quidem</span> <span class='ocrx_word' id='word_1_290' title='bbox 679 3046 723 3068; x_wconf 65' lang='lat' dir='ltr'>ex</span> <span class='ocrx_word' id='word_1_291' title='bbox 749 3034 843 3078; x_wconf 84' lang='lat' dir='ltr'>quid</span> <span class='ocrx_word' id='word_1_292' title='bbox 868 3034 905 3068; x_wconf 54' lang='grc' dir='ltr'>οῖ’</span> <span class='ocrx_word' id='word_1_293' title='bbox 927 3037 931 3078; x_wconf 84' lang='grc' dir='ltr'>Ι</span> <span class='ocrx_word' id='word_1_294' title='bbox 955 3034 1048 3068; x_wconf 88' lang='lat' dir='ltr'>dicit</span> <span class='ocrx_word' id='word_1_295' title='bbox 1074 3046 1118 3069; x_wconf 64' lang='lat' dir='ltr'>ex</span> <span class='ocrx_word' id='word_1_296' title='bbox 1144 3033 1218 3067; x_wconf 83' lang='lat' dir='ltr'>diei</span> <span class='ocrx_word' id='word_1_297' title='bbox 1245 3035 1264 3068; x_wconf 82' lang='lat' dir='ltr'><strong><em>b</em></strong></span> <span class='ocrx_word' id='word_1_298' title='bbox 1285 3035 1296 3078; x_wconf 80' lang='grc' dir='ltr'>ΙΙ</span> <span class='ocrx_word' id='word_1_299' title='bbox 1318 3037 1370 3068; x_wconf 91' lang='grc'>13.</span> <span class='ocrx_word' id='word_1_300' title='bbox 1399 3034 1542 3068; x_wconf 87' lang='lat' dir='ltr'>Aenum</span> <span class='ocrx_word' id='word_1_301' title='bbox 1569 3036 1588 3069; x_wconf 79' lang='lat' dir='ltr'>b</span> <span class='ocrx_word' id='word_1_302' title='bbox 1607 3036 1620 3080; x_wconf 82' lang='grc' dir='ltr'>ΙΙ</span> <span class='ocrx_word' id='word_1_303' title='bbox 1640 3038 1694 3070; x_wconf 84' lang='lat'>14.</span> <span class='ocrx_word' id='word_1_304' title='bbox 1723 3035 1786 3069; x_wconf 85' lang='lat' dir='ltr'>aui</span> <span class='ocrx_word' id='word_1_305' title='bbox 1811 3036 1930 3080; x_wconf 85' lang='lat' dir='ltr'>pater.</span> 
     </span>
     <span class='ocr_line' id='line_1_57' title="bbox 177 3090 1914 3139; baseline 0.003 -16"><span class='ocrx_word' id='word_1_306' title='bbox 177 3090 322 3124; x_wconf 79' lang='lat' dir='ltr'>Atauus</span> <span class='ocrx_word' id='word_1_307' title='bbox 349 3090 482 3135; x_wconf 85' lang='lat' dir='ltr'>proaui</span> <span class='ocrx_word' id='word_1_308' title='bbox 507 3093 616 3136; x_wconf 84' lang='lat' dir='ltr'>pater</span> <span class='ocrx_word' id='word_1_309' title='bbox 641 3103 731 3128; x_wconf 78' lang='lat' dir='ltr'>corr.</span> <span class='ocrx_word' id='word_1_310' title='bbox 751 3093 788 3128; x_wconf 52' lang='grc' dir='ltr'>οἳ</span> <span class='ocrx_word' id='word_1_311' title='bbox 807 3094 818 3137; x_wconf 75' lang='grc' dir='ltr'>ΙΙ</span> <span class='ocrx_word' id='word_1_312' title='bbox 838 3096 894 3127; x_wconf 80' lang='lat'>15.</span> <span class='ocrx_word' id='word_1_313' title='bbox 922 3095 1106 3137; x_wconf 84' lang='lat' dir='ltr'>utrunque</span> <span class='ocrx_word' id='word_1_314' title='bbox 1129 3094 1176 3128; x_wconf 81' lang='lat' dir='ltr'>bc</span> <span class='ocrx_word' id='word_1_315' title='bbox 1195 3095 1205 3138; x_wconf 78' lang='lat' dir='ltr'>ss</span> <span class='ocrx_word' id='word_1_316' title='bbox 1227 3096 1280 3127; x_wconf 77' lang='lat'>16.</span> <span class='ocrx_word' id='word_1_317' title='bbox 1310 3092 1502 3127; x_wconf 77' lang='lat' dir='ltr'>sallustius</span> <span class='ocrx_word' id='word_1_318' title='bbox 1524 3093 1587 3129; x_wconf 65' lang='lat' dir='ltr'>bc‘2</span> <span class='ocrx_word' id='word_1_319' title='bbox 1610 3095 1615 3139; x_wconf 91' lang='grc' dir='ltr'>Ι</span> <span class='ocrx_word' id='word_1_320' title='bbox 1636 3093 1842 3139; x_wconf 82' lang='lat' dir='ltr'>pollicebat</span> <span class='ocrx_word' id='word_1_321' title='bbox 1861 3106 1884 3128; x_wconf 80' lang='lat' dir='ltr'>a</span> <span class='ocrx_word' id='word_1_322' title='bbox 1903 3095 1914 3138; x_wconf 78' lang='grc'>11</span> 
     </span>
    </p>
   </div>
   <div class='ocr_carea' id='block_1_10' title="bbox 1596 3158 1612 3186">
    <p class='ocr_par' dir='ltr' id='par_1_18' title="bbox 1596 3158 1612 3186">
     <span class='ocr_line' id='line_1_58' title="bbox 1596 3158 1612 3186; baseline 0 0"><span class='ocrx_word' id='word_1_323' title='bbox 1596 3158 1612 3186; x_wconf 91' lang='grc'>1</span> 
     </span>
    </p>
   </div>
   <div class='ocr_carea' id='block_1_11' title="bbox 1956 1170 1988 1195">
    <p class='ocr_par' dir='ltr' id='par_1_19' title="bbox 1956 1170 1988 1195">
     <span class='ocr_line' id='line_1_59' title="bbox 1956 1170 1988 1195; baseline 0.063 -2"><span class='ocrx_word' id='word_1_324' title='bbox 1956 1170 1988 1195; x_wconf 85' lang='grc'>10</span> 
     </span>
    </p>
   </div>
  </div>
 </body>
</html>
