2221 3490
649 147 907 185 EXCERPTA
932 148 998 183 EX
1024 148 1198 184 CODICE
1226 149 1507 186 CASSINENSI
1533 154 1578 186 90

297 257 500 298 dicebant
519 257 629 299 unde
650 272 778 300 uarro
805 258 947 313 prosis
967 245 1093 300 lectis

296 328 445 382 posuit
477 360 486 369 .
507 361 515 370 .
538 362 546 370 .

236 398 422 441 Prossus
455 399 589 456 longa

236 470 450 512 Pubescet
482 471 712 513 barbescet
745 475 908 514 crescet

236 540 455 583 Pubentes
488 542 671 584 barbam
702 543 906 585 florentes

237 612 449 668 Publipor
480 614 620 668 publii
653 629 759 669 puer

199 694 216 719 5
235 682 454 739 Puerpera
486 685 642 727 mulier
674 699 755 740 que
789 685 930 740 primo
963 689 1094 740 partu

292 770 475 810 puerum
506 756 623 810 parit

234 826 499 881 Puerperum
534 841 633 868 cum
664 842 772 881 puer
803 829 997 870 nascitur

233 896 395 940 Pueras
426 912 506 952 pro
545 898 713 952 puellas
746 901 790 940 et
823 913 979 953 pueros
1015 914 1092 953 pro

294 969 461 1024 puellos
495 968 677 1011 dicimus

233 1040 453 1095 Puerpera
467 1040 702 1095 prouidens
714 1041 784 1083 uel
798 1056 928 1097 porro
940 1042 1092 1084 uidens

232 1110 516 1166 Puerperium
526 1114 678 1166 partus
690 1112 831 1167 puelle
843 1113 1094 1168 (101103300-

292 1183 383 1224 lum
416 1185 597 1238 generat

181 1267 214 1291 10
235 1253 449 1295 Puellaris
484 1253 603 1296 cultu
637 1253 793 1296 similis
825 1256 967 1310 puelle

232 1324 450 1381 Puerpera
465 1339 547 1380 que
570 1326 693 1367 annis
714 1326 955 1381 puerilibus
975 1327 1093 1382 parit

293 1398 460 1439 oratius
474 1397 678 1439 laudatur
691 1398 821 1453 primi
835 1398 957 1453 prole
969 1413 1092 1454 puer-

293 1483 396 1523 pera
427 1472 531 1511 nato

233 1539 496 1582 Pulturnum
542 1556 615 1582 seu
665 1540 904 1596 pultarium
955 1555 1090 1597 genus

291 1612 503 1654 tenebrici
536 1612 705 1654 0330011

231 1681 501 1725 Plumarium
566 1684 785 1725 clauatum
843 1687 886 1725 et
949 1685 1091 1726 simile

291 1755 437 1810 plume

232 1825 484 1869 Prurientes
518 1826 795 1869 detrahentes

181 1980 214 2006 15
235 1968 500 2026 quantocius
545 1971 738 2013 uelocius
788 1985 916 2026 quam
962 1970 1091 2013 citius

294 2042 475 2084 celerius

233 2111 432 2167 Queritat
470 2113 684 2156 uociferat
717 2115 877 2157 clamat
919 2115 988 2156 uel
1022 2130 1088 2157 co-

291 2188 422 2227 natur

233 2256 347 2306 Ques
390 2272 518 2313 perae
563 2257 673 2299 lucri
716 2273 794 2312 per
838 2258 980 2300 solum
1024 2262 1090 2301 est

292 2329 571 2371 lacrimarum

234 2400 491 2455 Questiosus
524 2400 721 2443 lucrosus

234 2471 477 2521 Quesumus
510 2486 716 2527 rogamus

179 2555 213 2580 20
233 2541 438 2592 Queuerit
469 2544 664 2598 potuerit

233 2613 391 2664 Queuit
423 2615 592 2670 postuit

234 2686 525 2742 Quinquatres
542 2702 700 2729 nomen
720 2687 922 2742 ponderis
943 2689 1013 2730 uel
1029 2688 1088 2730 dii

292 2758 366 2813 qui
398 2759 634 2800 adorantur
665 2759 711 2799 in
743 2758 867 2816 atriis
895 2759 1085 2815 quinque

234 2829 523 2885 Quinquatria
568 2829 757 2884 quinque
802 2832 846 2871 et
890 2830 975 2871 tria
1018 2831 1089 2872 uel

289 2902 484 2957 porticus
530 2903 737 2956 quattuor
786 2900 857 2942 uel
905 2903 995 2944 tres
1041 2901 1089 2944 in

291 2972 523 3014 latitudine
556 2973 686 3027 pedes
719 2972 883 3014 haben's

234 3043 502 3093 Quiritantes
536 3044 751 3099 querellas
788 3044 939 3087 dantes
972 3044 1089 3087 uoci-

291 3115 482 3158 ferantes
515 3115 785 3172 alloquentes

305 3193 391 3224 Corp.
412 3194 506 3224 gloss.
525 3193 579 3218 lat.
598 3194 669 3219 tom.
690 3193 726 3218 V.

1900 151 1985 194 577

1133 258 1320 308 Quolina
1352 260 1572 316 quoquina
2008 273 2041 299 25

1134 329 1313 380 Quoi-nu
1346 345 1481 387 genus
1513 332 1623 388 ligni
1656 335 1722 374 est

1132 470 1306 514 Rabola
1339 472 1554 515 clamosus
1586 474 1760 516 rauidus

1132 544 1318 585 Radium
1350 544 1478 599 uirga
1507 544 1868 600 philosophorum

1130 614 1421 657 Ramusculus
1454 631 1600 657 ramus
1632 616 1777 658 breuis

1132 686 1326 728 Rauceto
1361 687 1603 741 amputatio
1637 687 1756 729 uocis
2006 701 2041 726 30

1132 757 1383 800 Raucifluus
1412 773 1586 800 raucam
1608 759 1810 800 emittens
1836 775 1988 802 uocem

1132 828 1256 870 3303
1287 844 1418 871 rauca
1453 829 1522 871 uel
1556 830 1703 871 clausa

1132 899 1312 941 Rauidis
1345 900 1596 942 furentebus

1132 971 1427 1013 Reclinatoria
1461 987 1543 1026 que
1577 976 1620 1015 et
1651 973 1833 1028 pulchra

1131 1043 1252 1085 Reda
1283 1043 1443 1085 fiscalis
1471 1047 1514 1085 et
1541 1046 1608 1085 est
1641 1044 1755 1098 quod
1783 1045 1985 1087 curriculi
2007 1057 2042 1082 35

1191 1129 1327 1170 genus
1362 1115 1474 1169 apud
1511 1115 1575 1170 gli

1132 1185 1253 1227 Reda
1303 1200 1456 1241 graece
1508 1201 1656 1228 currus
1710 1187 1822 1229 unde
1872 1202 1992 1230 uere-

1191 1258 1336 1299 darius

1130 1328 1351 1371 Redebere
1381 1329 1558 1371 reddere

1133 1400 1328 1454 Redubie
1362 1401 1514 1455 exubie
1546 1401 1723 1455 indubie

1130 1471 1326 1514 Refricat
1358 1475 1541 1514 renouat

1130 1543 1263 1585 36160
1297 1544 1510 1586 remorior
2008 1558 2043 1582 40

1130 1614 1330 1670 Reliquie
1352 1618 1395 1656 et
1419 1618 1564 1658 rostra
1583 1617 1659 1658 ubi
1681 1616 1990 1659 contionantur

1131 1685 1294 1728 Remex
1325 1687 1398 1741 qui
1430 1702 1598 1729 remum
1632 1689 1745 1744 gerit
1771 1691 1820 1730 ut
1853 1689 1987 1730 tubex

1191 1758 1432 1800 declinatur

1131 1829 1340 1872 Remulco
1374 1830 1535 1885 scapha

1130 1900 1395 1943 Remulcunt
1433 1917 1528 1943 cum
1568 1903 1729 1958 scapha
1766 1918 1876 1945 naue
1916 1904 1988 1946 (10-

1190 1976 1294 2015 cunt

1130 2044 1325 2086 Remilus
1376 2046 1591 2099 repandus
1642 2047 1708 2087 uis
1756 2062 1984 2090 remanens
2006 2058 2040 2083 45

1188 2132 1265 2171 per
1296 2117 1384 2157 ima
1416 2116 1488 2158 uia

1128 2187 1178 2229 3.
1210 2187 1257 2229 P.
1290 2203 1358 2230 res
1390 2188 1565 2243 publica

1127 2257 1354 2301 Rennuere
1382 2260 1569 2316 effugere
1598 2261 1668 2302 uel
1691 2262 1986 2304 contradicere

1128 2330 1400 2386 Repurgium
1435 2332 1641 2388 purgatio
1675 2333 1925 2375 emundatio

1128 2402 1423 2458 Reputabitur
1456 2403 1771 2445 assimilabitur

1127 2473 1385 2528 Repeelerat
1416 2474 1575 2530 pignus
1609 2475 1762 2530 recipit

1129 2545 1337 2600 Repando
1371 2548 1489 2588 retro
1521 2546 1689 2601 pandus

1128 2616 1299 2659 Residis
1331 2617 1502 2672 requies
1536 2617 1679 2659 otiosa

1129 2688 1317 2730 Resuere
1351 2688 1513 2730 dessire
1547 2688 1738 2731 dissuere

1127 2759 1282 2801 Resuit
1316 2760 1472 2802 dissuit

1128 2830 1376 2872 Restituam
1409 2832 1547 2874 denuo
1581 2835 1774 2874 statuam
2003 2844 2037 2870 55

1127 2902 1283 2944 3636313
1320 2903 1494 2945 odiosus

1125 2973 1244 3015 Rimi
1277 2975 1500 3031 regionem

1125 3045 1255 3087 Rima
1275 3046 1521 3088 tonitruum
1548 3046 1740 3101 spatiosa
1760 3046 1984 3088 uolumina

1126 3116 1272 3173 Ringo
1306 3132 1354 3160 os
1389 3118 1535 3173 aperio

1653 3191 1698 3223 37

2005 2487 2040 2512 50
