2216 3402
621 131 854 167 PLACIDVS
881 131 1134 167 LIBRORVM
1159 130 1474 166 ROMANORVM

236 241 506 297 singulorum
538 241 733 283 locorum
765 241 810 282 in
839 239 1028 296 imagine

235 313 305 354 uel
355 313 666 368 impressiones
714 327 821 367 quas
878 314 1030 366 postea

237 384 455 426 coloribus
489 384 781 426 manifestant.

179 455 316 498 Lacus
357 456 551 511 exceptio
589 471 642 497 ue
682 456 728 497 in
769 469 877 510 quae
919 469 1030 508 aqua

237 528 424 569 decurrit
457 531 500 569 et
533 525 739 569 scribitur
770 541 856 567 una
888 540 944 567 .c.

176 598 303 640 Locis
347 599 415 640 his
461 612 569 653 quae
615 600 815 639 eruerant
854 596 1030 651 repletis

236 670 491 725 metaphora
523 684 548 711 a
579 669 709 710 fossis
741 669 883 710 fossae
917 668 1031 709 enim

234 742 358 783 herbi
385 742 586 783 dicuntur
613 743 655 782 et
674 740 872 782 homines
899 739 1031 781 erbisi

237 828 262 854 a
287 813 564 854 multitudine
591 812 710 853 denti
736 811 985 853 liberentur.

176 883 340 926 Lebeta
373 884 460 926 olla
492 883 662 939 generis
697 882 901 925 feminini.

176 955 408 998 Lacessere
434 955 692 1010 metaphora
716 969 741 995 a
761 954 940 997 canibus
961 953 1030 995 uel

236 1042 261 1068 a
303 1027 406 1069 feris
453 1042 561 1082 quae
614 1026 756 1068 solent
802 1025 1029 1067 lacerando

236 1113 473 1154 prouocare
500 1098 682 1140 uerbum
713 1096 1032 1152 coniugationis

235 1170 392 1212 tertiae
419 1172 655 1225 correptae.

140 1241 369 1284 5Laniena
405 1242 526 1284 locus
564 1241 640 1283 ubi
679 1240 884 1282 animalia
923 1241 1034 1282 mac-

236 1317 384 1355 tantur
416 1312 557 1355 dictus
591 1327 616 1353 a
645 1311 872 1354 laniatura.

177 1383 436 1426 Laberintus
482 1384 602 1426 locus
647 1384 694 1425 in
736 1386 852 1425 creta
890 1383 1033 1425 insula

236 1456 474 1511 parietibus
503 1455 699 1498 obscuris
721 1455 1032 1497 circumtextus

238 1543 365 1582 quem
390 1527 635 1570 aedificauit
661 1527 836 1568 dedalus
865 1526 1032 1568 artifex.

176 1598 418 1641 Lacunaria
446 1602 547 1641 sunt
567 1614 675 1654 quae
697 1613 911 1641 cameram
937 1599 1034 1640 sub-

237 1673 391 1727 tegunt
436 1673 479 1713 et
523 1672 680 1712 ornant
731 1684 840 1724 quae
886 1672 929 1711 et
976 1669 1034 1710 la-

238 1742 413 1797 quearia
445 1742 658 1784 dicuntur.

177 1813 401 1856 Lomentis
434 1813 724 1868 laquearibus.

177 1884 362 1928 Lacteus
403 1885 587 1928 circulus
625 1884 698 1926 uia
737 1899 820 1939 qua
858 1884 903 1925 in
936 1898 1032 1926 sero

237 1957 410 1999 uidetur
456 1957 580 2012 quasi
629 1957 729 1998 alba
780 1970 908 2010 quem
959 1955 1033 1997 alii

237 2029 387 2071 dicunt
409 2029 564 2070 animis
587 2027 827 2070 ereumanti
848 2042 1033 2082 quorum

239 2115 284 2142 se
310 2100 471 2142 festum
499 2104 566 2143 est
592 2102 635 2142 et
661 2098 817 2141 merito
846 2099 1034 2154 resplen-

240 2172 352 2214 dere.
409 2172 484 2214 alii
522 2187 626 2214 uero
665 2171 781 2212 uiam
824 2185 916 2212 esse
950 2185 1035 2225 qua

241 2244 395 2286 circuit
417 2244 482 2286 sol
502 2247 611 2286 etex
633 2242 875 2298 splendoris
896 2242 1033 2297 ipsius

241 2315 432 2357 transitu
463 2315 526 2357 ita
557 2316 711 2357 lucere.

130 2406 161 2430 10
181 2386 440 2428 Ludibrium
493 2389 559 2428 est
610 2386 755 2440 aliqua
805 2400 873 2427 res
925 2399 1033 2439 quae

240 2458 341 2499 ludo
393 2460 436 2499 et
481 2460 735 2512 contemptu
786 2456 918 2512 digna
968 2458 1035 2498 est

242 2530 370 2572 modo
404 2530 535 2571 etiam
568 2528 756 2570 ludibria
787 2543 867 2582 pro
901 2527 1034 2569 omni-

242 2602 322 2644 bus
357 2602 609 2644 criminibus
643 2599 837 2642 dicimus.

1863 132 1915 172 31

1067 240 1255 283 Luculos
1293 240 1414 283 100113
1456 239 1613 281 dicitur
1659 240 1711 281 ad
1757 239 1919 294 aliquid

1127 313 1372 367 ponendum
1404 312 1449 353 in
1481 314 1597 353 terra
1635 310 1776 352 factus
1808 311 1919 351 unde

1127 386 1317 425 tractum
1362 386 1429 425 est
1472 382 1919 438 pei-'diminutionem

1128 457 1176 495 ut
1208 455 1328 496 locus
1362 455 1544 496 dicimus
1582 457 1625 496 et
1656 452 1834 495 locellus
1869 453 1918 493 ad

1128 528 1273 567 uestes
1314 526 1382 567 1101
1421 526 1649 581 pecuniam
1682 524 1921 567 custodien-

1129 597 1239 639 dam.

1069 667 1352 723 Lestrigones
1384 668 1466 710 feri
1497 669 1695 710 homines
1722 670 1771 709 ut
1798 666 1921 710 ciclo-

1128 755 1203 793 pes
1224 739 1358 781 fuisse
1379 739 1580 781 dicuntur
1604 740 1750 781 italiae
1777 739 1922 781 uicini.

1070 809 1262 852 Lancino
1302 813 1368 852 est
1406 810 1521 852 lanio
1557 810 1803 865 frequenter
1835 811 1922 851 lan-

1130 882 1273 923 cinare
1305 897 1382 936 per
1412 882 1557 924 lances
1591 882 1793 923 diuidere.

1069 952 1210 995 Luum
1238 953 1431 1008 pescium
1462 953 1763 994 heluesarium.

1068 1023 1207 1066 Luum
1240 1024 1333 1066 lues
1366 1025 1481 1066 enim
1514 1025 1726 1066 dicuntur.

1070 1095 1316 1138 Lemiscata
1354 1096 1493 1138 maior
1530 1096 1676 1151 palma
1715 1096 1924 1152 gladiato-

1131 1183 1227 1209 rum
1254 1171 1321 1209 est
1343 1183 1504 1210 nomen
1523 1167 1830 1222 productiuum
1856 1181 1924 1223 ge-

1130 1240 1247 1281 neris
1279 1239 1488 1281 feminini.

1112 1370 1333 1414 INCIPIT
1359 1370 1475 1412 PER
1502 1369 1548 1412 M
1572 1369 1882 1413 LITTERAM.

1076 1454 1361 1496 Multifariam
1396 1454 1632 1496 multifarie
1673 1454 1926 1496 aduerbiali-

1131 1528 1197 1568 ter
1229 1529 1460 1580 utrumque
1494 1526 1676 1568 dicimus
1710 1526 1831 1567 bene.

1071 1596 1293 1653 Magnalia
1330 1598 1376 1639 in
1413 1598 1533 1639 nullo
1567 1600 1742 1639 auctore
1780 1599 1925 1653 legun—

1132 1671 1204 1711 tur
1247 1669 1347 1724 quia
1386 1672 1452 1711 est
1490 1669 1673 1710 uerbum
1703 1669 1833 1711 nimis
1866 1670 1927 1711 111-

1131 1741 1349 1782 lissimum
1373 1740 1459 1782 nisi
1492 1741 1605 1783 forte
1637 1741 1683 1782 in
1709 1741 1925 1796 aliquibus

1133 1812 1336 1867 antiquis.

1070 1883 1212 1925 Malus
1253 1886 1437 1939 granata
1482 1884 1611 1926 arbor
1655 1885 1825 1940 generis
1870 1885 1925 1927 fe-

1131 1955 1284 1997 minini
1347 1970 1526 2010 pomum
1588 1970 1691 1998 uero

1130 2027 1274 2068 neutri
1308 2028 1386 2068 est.

1071 2097 1356 2140 Maturimum
1377 2098 1509 2140 etiam
1524 2101 1567 2140 et
1581 2099 1927 2141 maturissimuni

1132 2169 1315 2211 dicimus
1367 2170 1549 2225 denique
1601 2171 1826 2212 sallustius
1883 2171 1928 2212 in

1130 2240 1328 2282 historiis
1345 2242 1626 2283 maturimum
1642 2242 1782 2298 magis
1799 2257 1927 2298 quam

1132 2311 1478 2354 maturissimum
1512 2313 1629 2354 dicit.

1070 2383 1294 2426 Mausolea
1314 2384 1543 2439 sepulchra
1564 2399 1639 2426 seu
1659 2385 1927 2427 monimenta

1133 2469 1285 2511 regum
1335 2455 1521 2497 maxime
1568 2456 1857 2512 aegiptiorum
1903 2472 1927 2497 a

1132 2526 1355 2568 mausoleo
1398 2527 1572 2569 illorum
1617 2541 1718 2582 rege
1764 2527 1927 2569 dictum

1133 2601 1210 2641 est.

1756 1957 1925 2012 generis

279 2759 309 2791 1.
332 2753 533 2801 exceptoue
554 2755 585 2790 b.
613 2752 781 2798 exceptio
796 2764 813 2788 c
836 2754 840 2797 Ι
863 2750 903 2786 in
922 2763 996 2797 qua
1015 2763 1033 2787 c
1052 2753 1063 2798 ΙΙ
1083 2755 1115 2787 2.
1135 2750 1274 2786 herbae
1290 2762 1379 2787 coo-r.
1394 2752 1436 2786 in
1454 2749 1561 2786 herbi
1583 2751 1602 2786 b
1621 2752 1632 2796 ΙΙ
1653 2755 1684 2787 6.
1705 2749 1927 2786 Lauerintus

183 2827 274 2851 corr.
301 2817 342 2850 in
366 2814 590 2849 Laberintus
616 2826 639 2849 a
673 2815 678 2859 Ι
711 2811 945 2858 parientibus
972 2816 1054 2847 ante
1081 2822 1170 2846 corr.
1199 2811 1218 2845 b
1250 2811 1261 2855 ΙΙ
1293 2813 1324 2845 9.
1352 2822 1448 2855 quae
1475 2812 1494 2846 b
1524 2812 1528 2855 Ι
1560 2810 1694 2844 animis
1722 2810 1928 2845 ereumanti

184 2886 341 2919 quorum
366 2887 400 2909 a.
428 2872 563 2908 animis
589 2871 827 2918 creumatiffff
849 2882 1018 2915 quorum⁷
1044 2875 1085 2906 ut
1104 2871 1189 2913 vicl„
1211 2870 1241 2904 b.

1276 2881 1526 2906 ...ereu....
1560 2881 1754 2914 quorumc
1785 2872 1789 2913 Ι
1820 2869 1928 2905 fihe-

184 2946 288 2969 roum
321 2932 559 2977 antiquorum
584 2932 761 2967 refertum
793 2942 872 2966 esse
900 2943 927 2966 s.
956 2932 997 2966 in
1021 2942 1134 2975 mary.
1163 2930 1181 2964 b
1217 2932 1220 2973 Ι
1256 2930 1313 2962 est
1339 2929 1376 2963 et
1403 2930 1458 2963 bc.
1500 2930 1537 2963 et
1562 2941 1586 2963 a
1619 2930 1623 2973 Ι
1657 2928 1847 2973 plendoris
1873 2930 1893 2964 b
1918 2931 1929 2975 ,j

186 2998 239 3029 11.
262 2993 429 3028 dicamus
445 3003 515 3037 pro
536 2991 692 3026 dicimus
712 3003 802 3027 corr.
819 2991 838 3026 b
861 2992 867 3035 l
888 2989 1042 3024 locellos
1063 2990 1113 3024 ab
1133 2990 1144 3033 Η
1167 2992 1220 3022 13.
1241 2987 1433 3022 lancinare
1461 3017 1467 3023 .
1491 3017 1496 3022 .

1521 3016 1527 3023 .
1555 2987 1723 3023 diuidere
1748 2989 1790 3023 i‘n
1814 3000 1927 3034 πται-9.

184 3054 246 3089 bc'2
269 3056 274 3098 Ι
296 3052 442 3086 lancem
462 3053 481 3085 b
501 3053 511 3097 ΙΙ
534 3053 587 3086 15.
607 3050 730 3085 Liuim
750 3051 780 3085 b.
810 3050 855 3085 L.
873 3078 879 3085 .
896 3078 903 3085 .
921 3078 927 3085 .
948 3061 966 3084 c
984 3049 996 3093 ΙΙ
1017 3051 1070 3083 17.
1092 3046 1341 3082 INCIPIVNT
1368 3059 1390 3081 α
1410 3048 1421 3091 ΙΙ
1442 3050 1495 3081 19.
1517 3046 1713 3093 Magnalia
1739 3047 1873 3094 (Maeli.
1896 3048 1929 3093 b)

183 3112 259 3148 uile
285 3112 440 3147 uei-bum
465 3112 505 3146 2722
530 3122 644 3157 maro.
671 3110 734 3145 b02
758 3111 770 3155 Η
795 3113 851 3144 20.
878 3107 1010 3143 femini
1036 3119 1058 3142 α
1084 3108 1095 3152 Η
1122 3110 1176 3142 21.
1205 3105 1383 3140 salustius
1410 3107 1461 3142 ab
1487 3108 1499 3153 ΙΙ
1916 3113 1919 3116 ·

1947 1902 1980 1926 2)
