2221 3490
727 132 985 168 EXCERPTA
1011 132 1077 167 EX
1102 131 1296 169 GLOSSIS
1321 131 1546 167 AYNARDI

1114 323 1143 348 ὁ

535 401 583 447 Π
639 393 981 448 ΕΧΟΕΗΡΤΑ
1020 400 1107 446 EX

1932 131 2018 171 615

1149 398 1400 446 GLOSSIS
1441 398 1734 445 AYNARDI

837 491 994 538 (codicis
1021 490 1221 526 Mettensis
1249 502 1345 525 saec.
1372 490 1436 535 XI)

257 603 495 658 Apofereta
546 616 698 657 graece
750 600 884 642 latine
935 600 1118 642 scutella

315 675 407 716 lata

256 746 587 801 Archimagirus
629 747 694 786 est
734 744 934 798 princeps
968 757 1117 784 cocco-

314 832 412 858 rum

252 888 512 931 Alluncinor
550 887 664 929 idest
703 885 872 928 somnio
905 885 1116 927 uerbosor

314 960 387 1002 uel
417 974 559 1015 nugor

255 1033 607 1089 Argumentosus
635 1028 889 1085 ingeniosus
916 1029 986 1071 uel
1009 1032 1115 1070 stre-

312 1119 424 1146 nuus

216 1188 232 1212 5
252 1176 467 1218 Acumino
503 1176 625 1217 eleuo

254 1248 392 1290 Arula
423 1246 472 1304 (u
493 1261 541 1289 ex
563 1262 587 1288 a
607 1244 730 1303 corr.)
765 1248 831 1287 est
865 1259 1001 1300 genus
1029 1259 1114 1286 sar-

310 1320 474 1376 taginis
508 1319 561 1361 ad
594 1318 803 1360 carbones
836 1316 1062 1358 ferendum

254 1392 420 1434 Acredo
454 1393 519 1432 est
552 1404 653 1432 acor

249 1463 377 1505 Artio
411 1465 478 1504 est
511 1462 675 1504 aduoeo

250 1535 426 1589 Adopto
469 1536 536 1575 est
577 1534 692 1589 eligo
735 1533 833 1575 inde
875 1533 1109 1587 adoptulus

309 1607 468 1648 (licitur
500 1606 663 1648 electus
1084 1620 1087 1621 ⁷

198 1689 228 1714 10
252 1677 535 1733 Antigrafeus
562 1680 628 1719 est
655 1677 937 1732 antiquarum
963 1692 1108 1718 rerum

307 1751 497 1805 scriptor

248 1822 288 1863 A
321 1821 646 1864 commentariis
680 1824 747 1863 est
779 1821 1063 1864 cancellarius

247 1894 414 1936 Ambro
448 1896 515 1935 est
554 1894 667 1935 elluo
701 1894 770 1935 uel
811 1894 1028 1936 tardarius
1064 1897 1106 1948 (t

306 1980 354 2008 ex
378 1964 499 2021 corr.)

245 2037 468 2093 Agonizor
501 2040 567 2079 est
598 2037 742 2080 luctor

245 2110 383 2151 Aurio
425 2112 492 2151 est
535 2109 658 2151 anolo
700 2109 813 2152 idest
855 2126 992 2166 aquor
1033 2111 1103 2153 uel

304 2182 430 2223 uideo
463 2181 533 2223 uel
564 2181 747 2223 uulnero

192 2265 224 2291 15
247 2252 402 2295 Arecla
434 2255 501 2294 est
532 2253 628 2309 riga
662 2255 858 2296 ortorum

243 2325 510 2380 Aequilocus
545 2329 612 2367 est
642 2325 760 2367 iusta
792 2327 974 2381 loquens

244 2391 498 2439 Astibolum
531 2400 598 2438 est
630 2397 819 2439 estiuum
852 2401 1024 2454 tempus

243 2468 539 2524 Ambagiosus
573 2472 640 2510 est
672 2469 911 2512 circulosus

244 2540 549 2583 Amicabiliter
582 2544 648 2582 est
681 2541 880 2583 amiciter

188 2628 222 2651 20
243 2612 479 2655 Acaliculis
512 2617 578 2653 est
609 2612 816 2666 pincerna

239 2682 362 2726 Ansa
393 2686 460 2726 est
493 2698 629 2740 genus
663 2685 870 2726 tormenti

240 2756 457 2811 Aspiralis
491 2758 558 2797 est
590 2757 808 2798 masculus
843 2757 1087 2812 aquilarum

240 2828 450 2884 Attiguus
466 2822 534 2870 est
547 2828 718 2870 uicinus
740 2829 809 2871 uel
826 2829 1098 2885 propinquus

241 2900 451 2955 Anquilla
501 2903 569 2942 est
617 2915 702 2955 qua
753 2904 1006 2944 coercentur
1055 2903 1101 2944 in

301 2971 430 3014 scolis
472 2972 596 3027 pueri
636 2987 717 3027 que
759 2973 893 3029 uulgo
936 2974 1101 3016 scotica

302 3044 463 3086 dicitur

187 3128 222 3154 25
241 3115 448 3158 Amasius
481 3119 548 3158 est
579 3131 744 3171 pronus
778 3117 831 3158 ad
863 3131 1056 3160 amorem

1158 599 1368 642 Astrosus
1414 602 1481 641 est
1524 599 1571 640 in
1616 602 1735 640 astra
1779 599 1922 641 dictus
1965 614 2014 641 eo

1216 671 1332 726 quod
1366 671 1480 712 malo
1515 671 1653 712 sidere
1685 673 1814 712 natus
1848 671 1906 712 sit

1155 743 1392 799 Anxungia
1425 745 1492 784 est
1524 742 1635 783 unde
1669 742 1879 798 unguitur

1154 815 1321 856 Aruma
1364 814 1461 856 bale
1508 816 1574 855 est
1616 813 1878 855 sacrificium
1916 828 2012 869 pro-

1214 885 1392 941 fugibus

1153 957 1292 1000 Actus
1338 961 1405 999 est
1455 957 1528 998 uia
1571 957 1647 999 ubi
1698 960 1882 1012 possunt
1929 957 2013 999 duo

1215 1044 1338 1071 carra
1371 1030 1568 1071 incedere

1154 1102 1292 1143 Antes
1312 1101 1383 1143 uel
1406 1101 1522 1143 antie
1544 1104 1646 1143 sunt
1661 1088 1809 1155 capilli
1831 1100 2012 1143 afronte
2033 1111 2067 1135 30

1212 1174 1450 1228 pendentes

1153 1244 1400 1287 Ambasilla
1434 1248 1499 1287 est
1530 1247 1685 1286 uenter

1150 1317 1359 1358 Ablimna
1391 1320 1458 1359 est
1491 1317 1616 1372 palea

1150 1389 1299 1431 Abaso
1346 1392 1413 1430 est
1456 1388 1716 1430 infirmando
1762 1388 1806 1429 in
1846 1403 1930 1443 qua
1974 1389 2011 1430 si

1210 1461 1301 1503 sine
1334 1461 1439 1503 base

1149 1533 1290 1575 Arceo
1319 1535 1386 1574 est
1419 1533 1672 1588 constringo
1700 1532 1770 1574 uel
1799 1547 1912 1588 ango
1940 1532 2012 1575 uel

1208 1605 1413 1661 angustio

1146 1677 1291 1718 Ardea
1324 1680 1391 1718 est
1424 1676 1516 1718 auis
1549 1676 1664 1718 idest
1695 1676 1835 1718 haron
2029 1686 2062 1711 35

1150 1748 1384 1790 Absterreo
1418 1751 1484 1791 est
1517 1748 1659 1790 minor

1145 1820 1312 1862 Abadir
1351 1824 1417 1863 est
1455 1821 1566 1876 lapis
1606 1835 1736 1876 quem
1777 1820 2009 1862 deuorauit

1205 1895 1410 1934 saturnus
1443 1908 1521 1948 pro
1556 1893 1653 1934 ioue
1686 1892 1777 1934 filio
1812 1907 1891 1934 suo

1147 1964 1375 2006 Abdomen
1408 1967 1475 2006 est
1508 1964 1726 2020 pinguedo
1761 1963 1904 2006 carnis

1142 2035 1395 2091 Antiquarii
1430 2039 1531 2078 sunt
1562 2036 1734 2078 librarii
1764 2037 2006 2079 scribentes

1144 2108 1284 2150 Anser
1317 2111 1384 2150 est
1416 2123 1520 2151 occa

1143 2179 1343 2222 Arietina
1376 2185 1477 2222 sunt
1509 2194 1623 2236 uaga
1654 2181 1788 2222 rubra

1143 2253 1348 2308 Anquina
1381 2255 1447 2294 est
1483 2251 1599 2294 funis
1635 2267 1720 2307 quo
1753 2253 1806 2294 ad
1840 2253 2003 2295 malum

1203 2327 1383 2366 antenta
1416 2324 1734 2380 constringitur

1141 2398 1350 2439 Ametum
1391 2399 1458 2439 est
1496 2397 1738 2439 iaculorum
1778 2397 2003 2440 uinculum

1141 2469 1271 2512 Altea
1298 2472 1366 2511 est
1399 2469 1545 2510 malua
1571 2468 1774 2511 siluatica
1799 2470 1870 2512 uel
1898 2470 2002 2512 mal-

1199 2556 1333 2595 uenas

1138 2613 1288 2656 Abcus
1310 2616 1353 2655 et
1373 2613 1484 2654 abax
1505 2615 1573 2654 est
1595 2627 1696 2668 pars
1718 2613 1909 2668 capitelli
1930 2614 1999 2655 uel
2021 2624 2056 2648 45

1199 2685 1350 2727 tabula
1370 2684 1537 2726 lusuria
1557 2685 1626 2726 uel
1647 2700 1799 2727 mensa
1818 2701 2004 2727 marmo-

1197 2757 1411 2812 reainqua
1421 2757 1592 2812 antiqui
1601 2757 1836 2799 mittebant
1847 2757 2000 2800 calices

1139 2829 1272 2885 Arpis
1307 2832 1373 2871 est
1405 2828 1662 2871 falcastrum

1139 2901 1361 2957 Animpha
1393 2904 1460 2943 est
1491 2900 1676 2955 innupta

1139 2973 1277 3016 Acida
1309 2975 1376 3015 est
1408 2987 1512 3015 cura

1141 3044 1338 3087 Acidalia
1363 3044 1512 3086 hincet
1538 3058 1674 3086 uenus
1701 3043 1862 3086 dicitur
1883 3046 1998 3100 quod

1199 3117 1344 3159 acidas
1377 3116 1589 3158 immittat
1620 3115 1870 3159 hominibus

2026 2120 2060 2144 40
