2221 3490
231 143 318 185 436

230 255 459 296 Absistent
492 253 693 294 recedant
726 251 949 293 discedant

229 328 391 368 Abstat
424 326 560 366 distat

229 397 488 452 Abstrepitu
522 396 647 452 signa
681 410 762 450 que
796 409 893 437 cum
926 409 1086 449 pauore

289 470 479 511 solemus
514 468 661 510 audire

203 542 405 596 'Absque
438 540 581 582 federe
616 539 756 594 abque
791 539 985 580 amicitia
1017 539 1085 579 uel

288 613 379 654 sine
411 612 587 667 patione

191 699 206 723 ε»
229 685 422 726 Abstans
457 698 705 738 conponens

228 756 403 797 Abuiua
458 755 668 797 dissociat
726 754 848 796 aioco
900 754 1088 796 remouit

287 843 376 869 non
409 826 612 869 conuenit

229 899 445 941 Accentus
479 899 591 941 ratio
625 898 808 940 metrica
841 897 1088 953 correptiua

289 972 332 1012 id
366 974 431 1013 est
464 986 550 1012 uox

230 1042 518 1085 Accersiuiles
552 1041 724 1084 euocati

231 1115 418 1157 Accersa
468 1114 535 1155 far
580 1114 693 1169 quod
746 1113 969 1155 sacrificiis
1019 1113 1089 1154 ad-

289 1188 466 1229 hibetur
1001 1174 1003 1177 Ι

178 1276 210 1299 10
232 1259 402 1302 Accitio
436 1258 634 1301 euocatio

232 1330 365 1373 Accio
399 1345 571 1374 accerso
605 1344 714 1371 uoco

231 1403 413 1445 Accisus
447 1403 607 1445 circum
642 1402 756 1444 cisus

232 1475 399 1518 Accede
440 1475 491 1516 ad
532 1476 676 1530 ignem
715 1474 829 1515 hunc
868 1474 982 1515 idest
1023 1474 1093 1515 ad-

292 1561 437 1588 amore
471 1546 666 1588 diuinum

234 1619 396 1661 Acerra
428 1618 682 1660 alcolatoria
714 1618 783 1660 uel
816 1617 1013 1659 turibulu

180 1706 212 1731 1⁵
235 1692 399 1733 Acersu
432 1690 594 1732 securis
623 1705 752 1744 quam
786 1690 983 1731 flamines
1017 1693 1092 1730 aut

292 1762 521 1818 pontifices
552 1761 716 1803 habent

233 1835 392 1877 Acensi
436 1849 517 1889 que
564 1833 898 1889 magistratibus
944 1836 1091 1888 presto

294 1909 396 1948 sunt
429 1909 504 1947 aut
537 1905 752 1947 militibus
787 1904 955 1946 tributa

238 1978 423 2021 Acitella
455 1978 542 2020 alte
575 1977 780 2019 edocatus

237 2050 423 2092 Aconita
454 2050 561 2091 bene
593 2051 697 2091 nata

233 2122 471 2164 Aconitum
504 2135 641 2177 genus
675 2136 801 2162 aerue
835 2121 1042 2162 beninose

181 2211 215 2235 20
236 2193 551 2249 Acorreptione
585 2192 939 2247 abincrepatione

237 2266 362 2308 Acris
396 2264 575 2321 ingenui
609 2263 735 2306 fortis
768 2278 924 2320 genere

238 2338 551 2380 Acsecedentes
585 2337 794 2377 abeuntes

237 2409 502 2466 Acsigniferi
536 2409 662 2464 signa
695 2408 924 2449 afferentes

236 2482 392 2524 Actica
424 2480 624 2522 mortalis

183 2569 217 2593 25
242 2555 449 2595 Actutum
494 2552 645 2594 statim
691 2554 958 2593 maturatum
1001 2552 1093 2593 sine

298 2641 420 2667 mora
454 2625 704 2666 submotum
738 2622 968 2665 confertim
1001 2638 1094 2665 eue—

298 2697 430 2752 stigio

239 2769 427 2811 Aculeus
462 2768 664 2809 stimulus
698 2767 766 2809 uel
801 2767 1062 2808 exulceratio

239 2841 449 2882 Aculeun]
484 2840 620 2882 abacu
652 2840 793 2881 dictus
834 2842 900 2880 est
933 2842 976 2880 et
1015 2838 1094 2879 fer—

771 139 1024 175 EXCERP'PA
1052 139 1115 173 EX
1144 137 1336 174 GLOSSIS
1363 139 1392 172 Α
1416 138 1449 172 A

1186 263 1283 290 reus
1322 251 1366 290 et
1405 248 1521 303 quod
1561 250 1762 302 pungunt
1801 262 1902 302 apes
1942 249 1986 288 et

1185 335 1316 374 uespe
1345 319 1516 375 aliaque
1543 318 1749 361 animalia
1774 318 1986 360 eiusmodi

1125 391 1367 448 Adaglonis
1405 391 1639 447 prouerbia

1126 463 1395 505 Adaustrum
1430 464 1735 519 adaquilonem

1130 535 1289 577 Adasia
1322 535 1417 577 ouis
1451 535 1588 577 maior
1621 549 1702 590 que
1735 533 1905 589 peperit

1125 606 1277 650 Adeox
1332 607 1537 663 indignus
1588 607 1656 648 uel
1707 606 1859 661 nigrus
1911 620 1986 647 seu

1187 679 1341 721 ardens
1797 682 1799 684 ’

1127 750 1332 794 Adclides
1367 765 1503 807 genus
1538 750 1671 806 gladii
1705 748 1881 792 rotundi

1126 822 1377 879 Adcognita
1408 824 1517 865 bene
1550 826 1654 865 nata
1687 837 1760 863 seu
1796 820 1974 876 cognita

1128 895 1292 937 Adfatu
1326 895 1600 937 adlocutione

1125 966 1290 1008 Adiatu
1323 967 1602 1022 adapertione
2007 978 2041 1002 35

1126 1039 1364 1081 Admonitu
1400 1037 1694 1080 admonitione

1127 1111 1366 1152 Adolenter
1398 1110 1574 1166 indigne

1130 1182 1441 1224 Adsertionum
1474 1180 1859 1224 confirmationum

1127 1254 1314 1296 Adsenti
1347 1254 1556 1297 uitiorum
1585 1252 1749 1295 subditi
1776 1252 1985 1293 uitiorum

1127 1325 1316 1368 Aduelat
1350 1329 1531 1368 coronat

1135 1399 1310 1440 Adescit
1343 1398 1482 1440 aderit
1514 1412 1693 1452 presens
1727 1397 1810 1439 erit

2008 1339 2043 1364 40

1130 1470 1348 1512 Adeatum
1382 1485 1611 1512 accensum
1644 1468 1876 1523 conloquio

1130 1543 1393 1597 Adependex
1437 1542 1644 1584 uitiorum
1687 1540 1889 1582 subditus
1929 1539 1989 1580 ui-

1190 1615 1352 1656 tiorum

1131 1686 1328 1728 Adfatim
1380 1686 1548 1728 abunde
1599 1685 1782 1740 largiter
1828 1684 1878 1725 ad
1927 1698 1990 1725 sa-

1191 1759 1392 1800 tietatem
1443 1758 1495 1799 ad
1546 1757 1771 1799 fastidium
1815 1755 1884 1797 uel
1936 1755 1989 1796 ad

1189 1830 1493 1872 lassitudinem

1130 1902 1328 1944 Adfatim
1359 1903 1480 1957 large
1514 1916 1587 1943 seu
1622 1900 1790 1942 abunde
2009 1915 2043 1939 45

1130 1974 1349 2016 Adfabilis
1395 1976 1524 2028 aptus
1569 1972 1719 2028 magni
1763 1971 1988 2013 laboribus

1189 2046 1374 2088 blandus

1129 2117 1368 2159 Adfabrem
1402 2115 1636 2170 artificiose

1132 2190 1364 2232 Adfectum
1399 2191 1630 2231 consutum
1664 2188 1937 2229 adsummum

1135 2261 1365 2303 Adfectum
1385 2260 1640 2302 ualitudinis
1662 2259 1902 2315 periculum
1921 2258 1989 2300 ad-

1191 2335 1320 2376 ducta
1356 2335 1431 2375 aut
1463 2335 1583 2374 mota
1610 2332 1743 2373 animi
1773 2331 1816 2372 in
1844 2331 1990 2385 aliqua

1190 2409 1313 2462 parte

1131 2477 1317 2519 Adforet
1350 2476 1519 2518 adhesit
1552 2477 1733 2530 apparet

1133 2549 1341 2591 Adfretus
1375 2548 1574 2590 defensus
1607 2547 1815 2589 circuitus

2008 2488 2044 2514 50

1137 2621 1443 2677 Adgenuinant
1475 2619 1694 2661 adleuiant

1135 2693 1377 2735 Adhortani
1417 2691 1603 2747 gloriam
1646 2691 1805 2732 bonam
1844 2688 1990 2730 existi-

1191 2765 1327 2806 matio
1361 2765 1454 2805 laus
1488 2762 1644 2804 bellica

1132 2837 1486 2878 Adhoclocorum
1518 2834 1830 2888 adhoctempus

335 3020 366 3050 4.
396 3016 538 3060 absque
565 3017 616 3050 ab
646 3018 650 3059 1
679 3014 853 3060 pactione
880 3016 931 3050 ab
969 3018 980 3059 Η
1018 3018 1048 3050 5.
1077 3013 1222 3049 Abtans
1251 3013 1270 3048 b
1308 3014 1320 3058 ΙΙ
1358 3016 1412 3047 13.
1441 3011 1489 3046 ad
1515 3021 1680 3046 amorem
1706 3022 1729 3044 a
1765 3011 1777 3055 ΙΙ
1816 3012 1869 3044 14,
1896 3008 1989 3043 turi-

240 3075 369 3109 bulum
396 3088 416 3109 a
450 3078 461 3120 [1
503 3079 555 3110 16.
583 3075 739 3109 Accensi
766 3076 815 3109 ab
848 3077 858 3119 Η
895 3080 946 3109 18,
974 3076 1161 3109 nominata
1187 3075 1238 3109 ab
1270 3075 1281 3119 ΙΙ
1322 3076 1374 3107 19.
1403 3071 1490 3119 erbe
1518 3081 1703 3118 uenenosffi¹
1731 3082 1754 3104 α.
1786 3071 1797 3115 ΙΙ
1828 3072 1884 3105 24.
1912 3079 1988 3104 mo-

240 3135 329 3170 ralis
356 3148 377 3170 (ι
398 3138 409 3181 Η
429 3139 484 3169 27.
512 3135 653 3169 dictum
680 3148 702 3170 (ι
722 3136 734 3181 ΙΙ
754 3139 808 3169 46.
837 3134 978 3169 laboris
1005 3136 1054 3170 ab
1075 3136 1086 3180 ΙΙ
1106 3138 1162 3169 48.
1191 3133 1451 3177 consumptum
1479 3133 1529 3166 (ab
1550 3134 1561 3176 Η

2006 548 2069 573 30-
