2175 3428
163 1351 179 1375 5

148 1781 178 1805 10

147 2356 179 2380 15

665 150 922 187 EXCERPTA
948 151 1012 185 EX
1038 149 1182 184 LIBRO
1210 148 1501 184 GLOSSARVM

203 262 407 305 8101101113
458 262 687 304 amictoria
736 262 851 303 linea
902 261 1059 316 quibus

263 334 518 388 operiuntur
549 334 720 375 humeri

204 405 452 448 8100303313
487 420 624 461 genus
657 405 741 447 fuit
773 404 1017 460 antiquitus

204 477 332 520 Sinus
377 477 520 520 sinum
564 492 642 518 uas
686 476 771 518 fuit
816 475 1060 530 antiquitus

261 553 409 592 tamen
440 549 642 605 Uirgilius
676 548 818 589 sinum
857 547 984 589 lactis
1018 549 1061 588 et
1100 573 1102 575 -

260 623 342 676 hec
368 622 505 663 teliba
530 619 680 675 priape
706 619 821 674 quod
848 618 972 660 annis
994 633 1061 660 ex-

260 692 449 749 pectaris
501 693 550 733 ut
594 694 662 733 est
706 704 834 732 uarro
886 690 1060 745 quidem

260 764 370 806 dixit
402 763 543 805 tribus
569 762 685 805 hunc
712 777 736 804 a
762 761 955 803 romanis
987 776 1060 803 00-

260 836 451 878 minibus
484 834 631 876 uocari
671 834 812 889 primo
851 833 1060 888 lepiscam

260 908 412 950 deinde
469 907 675 963 galenum
729 904 865 947 tercio
917 905 1060 947 sinum

260 995 338 1036 pro
386 980 543 1035 quibus
594 993 708 1020 nunc
759 980 912 1033 agrato
962 976 1059 1019 foro

260 1052 459 1094 nominat
478 1051 602 1093 iuxta
622 1056 806 1107 grecum'
820 1065 922 1091 nam
942 1049 1060 1104 plau-

261 1127 354 1165 stus
376 1123 414 1165 01
436 1138 488 1165 00
509 1123 581 1165 1110
609 1123 727 1165 sinus
751 1122 888 1164 fertur
915 1119 1058 1178 (Ise'd.)

203 1195 331 1238 Sinus
366 1210 442 1237 uas
476 1198 665 1237 testeum
700 1194 900 1249 plaustus
935 1194 972 1235 ei
1006 1209 1057 1235 ne

262 1283 360 1310 cum
392 1267 495 1309 uino
530 1267 650 1309 sinus
682 1266 821 1308 fertur
853 1265 996 1323 (Isicl.)

201 1340 353 1383 Sirena
364 1339 519 1381 umbra
530 1339 574 1381 in
587 1354 703 1381 mare
713 1339 796 1380 hoc
805 1341 871 1380 est
882 1336 1056 1394 lamia1)

198 1411 398 1454 8133111311
432 1425 568 1468 genus
603 1411 723 1466 pomi

199 1483 459 1527 Siticulosus
493 1484 566 1539 qui
599 1498 770 1538 semper
804 1483 899 1524 sitit

200 1555 368 1598 sobath
405 1556 667 1598 hebreorum
705 1556 857 1612 lingua
892 1554 1058 1596 febroa-

251 1628 348 1670 rius
382 1628 543 1670 mensis
576 1627 736 1670 dicitur
769 1625 985 1684 (Auyust.)

198 1699 280 1743 Soc
312 1700 377 1742 ita

200 1771 340 1814 Sorba
372 1787 502 1827 poma
534 1771 755 1814 siluestria

200 1843 406 1899 Spadices
439 1844 539 1899 equi
571 1844 711 1886 russei

200 1914 396 1971 Spadicis
430 1913 668 1958 subnibeus
701 1916 821 1958 color

199 1986 361 2043 Spadix
404 1988 523 2030 calor
566 1988 709 2043 palme
755 2003 884 2043 quam
933 1987 1057 2030 siculi

259 2060 480 2115 spadicam
506 2063 668 2102 uocant
697 2061 878 2116 glaucus
906 2060 1057 2115 spadix

258 2147 394 2188 equus
434 2132 509 2188 qui
548 2133 696 2175 oculos
737 2132 871 2174 habet
913 2132 1057 2188 glauci

258 2203 417 2246 coloris
450 2219 607 2260 corpus
640 2219 744 2246 uero
777 2204 946 2259 pudicis

201 2275 444 2333 Spalangus
479 2291 627 2319 musca
658 2291 877 2318 0011011033

201 2347 384 2403 81131003
409 2363 535 2404 persa
554 2348 706 2405 lingua
727 2363 877 2391 canem
897 2350 1057 2390 uocant

297 2456 331 2499 1)
366 2453 467 2489 amia
491 2456 534 2490 in
558 2466 631 2491 ras.
658 2457 742 2490 m.2
773 2456 785 2501 ΙΙ

1867 148 1954 189 245

1100 259 1261 315 Sparus
1296 273 1432 315 genus
1465 257 1600 315 gladii

1100 331 1234 387 Spata
1266 331 1431 373 framea

1101 402 1229 458 Spica
1256 402 1408 444 messis
1436 403 1547 444 unde
1579 402 1705 444 credo
1740 402 1955 457 spiculum

1159 474 1243 516 dici
1277 475 1350 515 sed
1382 473 1539 529 ispicas
1567 474 1749 517 dicimus
1783 473 1955 529 generis

1158 545 1355 587 feminini

1099 616 1325 672 Spiramen
1359 617 1623 672 spiraculum

1100 688 1342 744 Spiramine
1376 692 1508 731 uento
1541 704 1749 745 prospero

1100 760 1376 817 Spiramento
1412 761 1465 802 ab
1500 762 1704 816 spirando
1739 777 1835 803 aere

1101 833 1269 888 Spiram
1307 832 1424 887 spira
1457 833 1630 888 proprie
1670 834 1785 875 funis
1818 835 1956 876 nauti-

1160 920 1257 946 cum
1303 907 1446 946 tortus
1486 918 1622 960 genus
1661 905 1857 947 feminini
1897 921 1956 948 se-

1159 976 1346 1018 cundum
1378 975 1608 1018 humerum

1101 1048 1294 1090 Stabulis
1329 1048 1524 1090 curtibus
1566 1049 1714 1090 ouium
1752 1049 1955 1105 uirgilius

1158 1119 1333 1162 terriste
1383 1120 1513 1175 lupus
1565 1121 1750 1162 stabulis
1803 1121 1955 1162 matris

1157 1192 1358 1248 frugibus
1391 1192 1553 1234 imbres
1589 1191 1734 1249 (Isz'd.)

1099 1265 1309 1307 Stellione
1342 1279 1478 1320 genus
1513 1264 1713 1307 animalis

1100 1337 1324 1380 Sterillum
1355 1337 1492 1378 barba
1525 1337 1575 1378 de
1610 1352 1739 1392 capra
1772 1337 1882 1379 iocai

1100 1409 1434 1464 Sterquilinium
1462 1409 1744 1463 scupiliarum
1775 1425 1955 1452 aceruus

1099 1481 1430 1537 Sterquilinium
1450 1481 1572 1523 10003
1590 1484 1781 1523 stercore
1802 1481 1955 1536 plenus

1098 1554 1330 1596 Stillicidia
1363 1555 1488 1609 gutte
1522 1556 1740 1595 rectorum

1098 1625 1225 1667 Stilio
1266 1626 1318 1666 ab
1359 1625 1498 1667 stellis
1541 1625 1809 1667 macularum
1849 1640 1954 1681 quas

1154 1698 1289 1740 habet
1334 1697 1578 1753 appellatus
1621 1697 1696 1752 qui
1738 1699 1782 1739 et
1826 1697 1953 1739 stello

1156 1770 1316 1812 dicitur

1097 1842 1264 1898 Stipem
1297 1841 1596 1883 modicitatem

1098 1914 1231 1956 Stiria
1264 1915 1391 1970 gutta
1424 1927 1550 1968 grece

1097 1986 1231 2028 Stiria
1262 1985 1452 2041 pendens
1487 1984 1649 2040 glacies

1098 2057 1230 2101 Stiria
1251 2058 1373 2113 spine
1393 2071 1553 2099 nomen
1568 2060 1634 2098 est
1650 2053 1771 2099 cuius
1786 2056 1953 2098 fructus

1157 2145 1293 2187 grana
1324 2130 1458 2171 habet
1492 2128 1630 2185 guttis
1659 2128 1822 2170 similia
1848 2142 1953 2183 ergo

1156 2202 1281 2245 stiria
1308 2201 1579 2244 stillicidium
1607 2200 1885 2256 congelatum
1912 2202 1955 2241 et

1157 2274 1374 2316 sinaribus
1432 2273 1573 2315 mucci
1624 2271 1954 2328 congelauerint

1156 2346 1280 2389 stiria
1313 2345 1471 2388 dicitur

296 2554 327 2587 1.
356 2550 539 2586 8111110003
563 2553 567 2594 l
591 2549 797 2585 amictorea
816 2552 827 2596 11
847 2554 879 2586 2.
907 2550 1026 2596 Synos
1046 2549 1149 2585 uasis
1169 2551 1179 2594 ΙΙ
1200 2554 1231 2584 3.
1261 2549 1476 2594 expectares
1500 2549 1504 2593 Ι
1528 2548 1570 2582 ut
1596 2548 1668 2593 cst]
1696 2547 1804 2582 adest
1826 2549 1830 2591 Ι
1854 2546 1953 2582 uoci-

199 2612 274 2647 tari
296 2614 300 2657 ὶ
324 2612 453 2647 acrato
476 2613 481 2656 Ι
503 2610 656 2657 plautus
683 2622 727 2646 esc
751 2609 925 2656 plaustus
951 2622 1042 2647 corr.
1075 2612 1086 2656 ΙΙ
1118 2614 1150 2645 4.
1178 2621 1245 2644 uas
1271 2622 1315 2645 ew
1340 2609 1409 2643 bas
1436 2619 1526 2643 corr.
1552 2611 1555 2651 Ι
1578 2606 1751 2652 plaustus
1778 2619 1823 2643 ew
1848 2607 1954 2653 plau-

200 2673 261 2707 tus
287 2683 378 2708 corr.
411 2673 423 2717 ΙΙ
456 2675 487 2707 6.
516 2670 701 2707 8133111301
733 2672 744 2716 ΙΙ
778 2675 832 2706 11.
858 2671 928 2705 rufi
954 2682 998 2707 ex
1023 2671 1147 2705 russet
1172 2681 1264 2706 corr.
1289 2670 1301 2715 ΙΙ
1336 2673 1390 2703 12.
1419 2667 1627 2703 subrubeus
1656 2670 1667 2713 [Ι
1701 2671 1754 2702 13.
1782 2667 1885 2702 color
1910 2679 1954 2702 010

200 2731 302 2767 calor
334 2744 426 2767 corr.
462 2734 466 2776 Ι
499 2732 604 2778 palffi
638 2734 651 2777 1·
679 2730 874 2777 spadicum
907 2730 912 2779 Ι
947 2731 1104 2777 glaucus
1136 2742 1180 2766 ecc
1206 2729 1366 2775 glauous
1398 2739 1490 2764 corr.
1526 2729 1531 2773 1
1567 2727 1708 2762 0010103
1734 2739 1778 2763 ex
1810 2726 1953 2761 calores

199 2804 290 2828 corr.
314 2793 319 2838 Ι
343 2791 507 2838 spadicis
527 2795 539 2837 11
565 2796 620 2828 14.
649 2791 888 2837 Sphalangus
908 2792 919 2836 ΙΙ
947 2795 1001 2827 18.
1030 2791 1087 2826 set
1113 2791 1150 2825 et
1172 2793 1176 2835 1
1206 2789 1329 2836 spicas
1355 2801 1400 2825 ex
1425 2787 1563 2834 ispicas
1590 2799 1680 2823 corr.
1707 2789 1719 2832 ΙΙ
1744 2791 1800 2822 21.
1828 2786 1953 2832 Spira—

200 2853 328 2886 menta
364 2853 376 2897 ΙΙ
413 2855 470 2886 22.
496 2850 628 2897 propie
653 2863 698 2886 m.
715 2854 746 2896 1,
773 2850 922 2897 proprie
947 2863 992 2887 m.
1009 2855 1031 2886 6
1066 2852 1071 2896 Ι
1105 2849 1303 2885 nauticum
1328 2861 1373 2885 m.
1392 2853 1422 2893 1,
1455 2848 1657 2882 nautarum
1681 2859 1726 2882 m.
1743 2851 1765 2882 6
1797 2848 1801 2892 Ι
1835 2857 1953 2892 genus

200 2924 246 2947 m.
263 2915 295 2955 1,
321 2910 469 2958 generis
493 2923 538 2947 m.
555 2913 606 2956 (1³1
628 2911 822 2945 homerum
841 2912 852 2956 ΙΙ
871 2914 928 2947 23.
954 2912 1070 2946 testes
1097 2912 1154 2956 (ut
1172 2910 1260 2956 vid.)
1285 2909 1395 2954 lupus
1422 2920 1466 2944 ex
1490 2909 1608 2942 terres
1635 2905 1804 2952 stelupus
1831 2918 1922 2942 corr.
1947 2907 1950 2954 Ι

201 2970 359 3006 maturis
385 2983 429 3007 ex
454 2970 587 3005 matris
614 2982 705 3006 corr.
735 2972 739 3015 Ι
768 2970 814 3006 de
841 2970 890 3017 gl.
918 2972 994 3007 cod.
1020 2972 1032 3017 11
1057 2974 1113 3005 24.
1142 2969 1307 3004 81011000
1333 2980 1378 3004 ex
1404 2966 1584 3003 stellione
1611 2977 1701 3002 corr.
1727 2968 1739 3011 ΙΙ
1770 2969 1827 3002 26.
1854 2966 1952 3001 Ster-

201 3031 403 3076 quillinum
421 3033 433 3076 ΙΙ
454 3035 509 3066 28.
535 3031 722 3065 tectorum
740 3032 752 3076 ΙΙ
771 3034 829 3066 29.
857 3030 988 3066 Stellio
1014 3042 1058 3066 ex
1085 3029 1195 3065 Stilio
1221 3040 1312 3065 corr.
1333 3029 1344 3072 ΙΙ
1373 3031 1428 3063 30.
1455 3025 1740 3061 mendicitatem
1765 3037 1810 3062 ex
1835 3026 1953 3061 modi-

202 3090 357 3126 citatem
382 3101 472 3126 corr.
499 3091 511 3135 11
542 3093 597 3126 32.
619 3094 675 3125 33.
701 3091 769 3125 hae
793 3091 840 3137 91.
867 3092 910 3126 in
934 3103 997 3127 im.
1023 3092 1194 3135 0011111119.
1227 3091 1238 3134 Η
1270 3092 1325 3123 33.
1354 3087 1460 3135 spine
1485 3099 1529 3123 ex
1555 3085 1686 3133 spinne
1712 3097 1803 3123 corr.
1828 3090 1831 3130 l
1853 3085 1953 3121 muci

160 3161 164 3165 ·
201 3162 246 3186 ex
269 3150 391 3186 mucci
415 3162 507 3187 corr.
534 3151 545 3195 ΙΙ

1978 702 2012 726 20

1975 1347 2009 1371 25

1975 1850 2010 1874 30
