2216 3402
631 118 863 153 PLACIDVS
889 115 1142 152 LIBRORVM
1167 114 1482 151 ROMANORVM

187 227 297 271 Caro
330 227 445 270 enim
478 227 540 270 sic
572 227 800 270 scribimus
831 241 908 282 per
941 242 1000 268 .o.

187 299 391 342 Chiatum
404 302 547 341 autem
556 314 650 341 cum
664 299 703 341 h.
715 299 843 341 scribi
855 300 1038 352 oportet.

188 369 366 412 Caelebs
399 370 568 425 generis
602 369 854 412 communis.

187 440 376 483 Caedrus
411 456 507 483 cum
540 457 564 482 a
597 441 728 483 scribi
761 443 946 495 oportet.

151 523 167 548 5
188 511 379 555 Caruasa
409 527 486 567 per
516 527 545 552 u
578 511 708 553 scribi
742 514 926 566 oportet.

189 584 414 627 Caelibum
448 599 542 625 cum
577 598 601 624 a
631 581 762 624 scribi
796 584 980 637 oportet.

188 654 332 697 Cassis
378 658 421 696 et
464 654 575 696 retia
622 653 781 695 dicitur
824 656 867 695 et
917 654 1042 709 galea

247 726 403 780 capitis
430 726 504 767 sed
529 726 612 767 hoc
635 725 779 767 differt
805 725 906 779 quia
932 725 1043 766 retia

193 823 199 827 -
245 796 374 838 huius
425 796 558 838 cassis
608 796 714 838 facit
763 796 888 851 galea
937 811 1041 837 uero

245 868 373 910 huius
413 868 592 909 cassidis
631 867 828 922 quamuis
868 867 1042 921 quidam

245 938 564 981 nominatiuum
597 939 764 980 cassida
796 938 995 979 dixerint.

188 1009 441 1065 Capessitur
472 1024 559 1051 non
590 1025 667 1064 per
700 1024 743 1051 se
777 1012 821 1050 et
853 1012 919 1050 est
951 1024 1043 1050 1161·-

247 1082 352 1122 bum
365 1080 654 1136 impersonale
666 1081 715 1121 ut
728 1079 890 1136 legitur
904 1080 1044 1135 prima

249 1155 394 1194 autem
414 1152 535 1194 uerbi
555 1165 740 1207 persona
760 1154 826 1193 est
848 1167 1043 1207 capesso:

250 1227 316 1266 est
343 1227 487 1266 autem
514 1223 695 1264 uerbum
722 1223 913 1264 actiuum
940 1223 1046 1265 facit

248 1295 363 1337 enim
401 1309 578 1349 capesso
618 1309 819 1348 capessor
859 1297 908 1335 ut
945 1295 1043 1350 lego

247 1366 380 1423 legor.

189 1437 439 1480 Caelibatus
473 1437 683 1492 appetitio
717 1437 934 1478 castitatis
969 1437 1043 1492 qui

247 1509 407 1551 habere
440 1508 599 1550 dicitur
636 1523 826 1550 uxorem.
874 1508 1043 1550 caelebs

249 1581 364 1622 enim
404 1580 476 1634 qui
515 1579 607 1621 sine
645 1595 777 1622 uxore
816 1582 882 1621 est
911 1580 1046 1634 'quasi

250 1652 367 1694 caelo
400 1652 566 1694 beatus.

138 1734 170 1759 10
196 1722 404 1765 Columen
423 1723 493 1764 uel
520 1723 684 1764 sanitas
710 1723 780 1764 uel
807 1723 1049 1765 substenta-

250 1794 395 1836 culum
428 1794 500 1848 qui
534 1809 558 1835 a
590 1794 790 1835 columna
822 1794 883 1835 fit.

191 1865 388 1908 Calcaria
429 1867 529 1906 sunt
570 1865 685 1906 acuti
729 1865 803 1919 qui
843 1865 889 1905 in
931 1865 1044 1907 calce

248 1936 439 1977 hominis
472 1935 667 1991 ligantur
699 1936 810 1977 idest
843 1936 887 1977 in
925 1936 1045 1990 pedis

250 2007 490 2087 posterjpre
510 2009 634 2061 parte
657 2007 709 2047 ad
736 2007 1048 2048 stimulandum

252 2093 384 2133 equos
435 2077 591 2132 quibus
643 2081 717 2119 aut
767 2079 1048 2134 pugnandum

251 2152 316 2191 est
357 2151 432 2191 aut
473 2149 729 2190 currendum
769 2152 948 2204 propter
984 2150 1047 2204 pi-

251 2221 429 2276 gritiam
456 2219 707 2261 animalium
735 2223 809 2261 aut
833 2221 1045 2262 timorem.

192 2291 373 2334 Coturni
415 2293 515 2332 sunt
555 2291 723 2347 tragica
764 2292 1047 2333 calciamenta

251 2363 408 2417 quibus
442 2361 680 2404 calciantur
705 2363 873 2418 tragedi
901 2363 974 2417 qui
1000 2363 1045 2404 111

207 2437 211 2439 “
252 2434 422 2475 theatro
450 2433 608 2475 dicturi
635 2436 736 2475 sunt
757 2434 846 2474 alta
867 2437 909 2475 et
935 2434 1045 2475 into-

250 2504 374 2546 nanti
399 2518 505 2545 uoce
535 2507 601 2545 est
634 2507 780 2546 autem
813 2505 1045 2547 secundum

251 2575 522 2617 calciamenti
540 2589 675 2631 genus
693 2575 857 2617 humile
873 2576 1046 2630 quidem

1876 113 1925 154 11

1136 225 1359 266 inmodum
1395 223 1664 277 crepidarum
1699 237 1782 277 quo
1821 223 1929 264 lerte

1137 298 1356 337 sutuntur:
1376 295 1450 336 sed
1471 294 1556 335 tale
1572 296 1701 334 estut
1721 294 1765 334 111
1780 294 1929 334 dextro

1137 369 1179 407 et
1210 366 1254 407 in
1280 366 1403 408 laeuo
1436 365 1541 420 pede
1572 365 1811 406 conueniat.

1078 436 1217 479 Clima
1262 451 1463 492 graecum
1508 438 1574 477 est
1611 435 1655 477 id
1694 438 1760 477 est
1802 436 1928 477 cardo

1137 506 1326 563 uel'pars
1347 507 1453 549 caeli
1479 509 1527 548 ut
1551 506 1680 549 clima
1706 506 1929 548 orientale.

1079 578 1213 621 Casus
1277 578 1592 633 emphedicleos
1661 578 1930 632 empedocles

1137 649 1421 705 philosophus
1470 649 1769 704 agrigentinus
1819 649 1932 690 idest

1140 722 1298 764 siculus
1315 721 1387 774 qui
1402 723 1601 762 naturam
1618 720 1800 761 aethnae
1816 734 1933 761 mon-

1139 794 1195 834 tis
1227 791 1493 846 inuestigare
1522 791 1742 832 contendit
1775 790 1933 832 decidit

1138 865 1184 906 in
1224 864 1395 919 igneam
1439 863 1608 904 foueam
1651 864 1694 903 et
1736 860 1932 903 incendio

1140 938 1421 989 consumptus
1454 936 1530 975 est.

1083 1007 1271 1050 Comitia
1298 1006 1500 1048 dicuntur
1521 1019 1629 1059 quae
1655 1004 1766 1045 fiunt
1790 1019 1934 1045 romae

1142 1080 1195 1121 acl
1227 1077 1433 1120 creandos
1460 1076 1742 1131 magistratus
1776 1074 1849 1115 Ki.
1873 1073 1936 1114 Ia-

1956 1013 1989 1039 15

1141 1149 1282 1192 nuarii
1323 1149 1367 1190 in
1409 1162 1561 1202 campo
1604 1145 1762 1187 martio
1807 1147 1935 1199 atque

1144 1221 1283 1264 omnis
1316 1219 1502 1275 populus
1537 1232 1740 1259 romanus
1768 1219 1811 1257 et
1846 1216 1936 1257 uni-

1143 1307 1292 1335 uersae
1327 1291 1589 1333 conueniunt
1627 1288 1861 1344 dignitates
1895 1289 1937 1327 et

1142 1366 1191 1406 de
1219 1363 1344 1405 italia
1369 1377 1472 1418 ergo
1496 1360 1673 1403 comitia
1699 1360 1937 1401 conuentus

1140 1434 1373 1477 necessarii
1403 1433 1544 1474 nimis.

1083 1507 1352 1561 Concrepare
1380 1504 1607 1546 conuenire
1640 1502 1751 1544 uude
1785 1501 1938 1542 discre-

1143 1593 1244 1634 pare
1273 1576 1511 1618 dissentire.

1086 1649 1364 1693 Chirrearum
1410 1647 1523 1702 quod
1571 1648 1707 1701 agunt
1759 1643 1938 1698 inspira-

1146 1722 1325 1763 tionum.

1089 1793 1315 1836 Cameram
1348 1805 1535 1832 curnam.

1084 1864 1302 1907 Concinne
1336 1861 1586 1917 composite.

1085 1935 1315 1978 Cameleon
1358 1934 1521 1975 lacerta
1565 1947 1673 1987 quae
1712 1931 1846 1972 missa
1894 1930 1973 1970 ine

1144 2007 1244 2062 igne
1277 2020 1364 2047 11011
1397 2004 1528 2045 ardet.

1086 2076 1293 2133 Crepidos
1321 2076 1412 2118 axis
1435 2074 1687 2116 extremitas
1713 2073 1872 2114 rimata
1897 2074 1940 2113 et

1147 2148 1377 2191 cuiuslibet
1409 2146 1471 2188 rei
1504 2145 1695 2187 alterius.

1087 2220 1322 2263 Coredulus
1350 2233 1485 2274 genus
1514 2217 1728 2272 quoddam
1761 2215 1940 2257 uolatile

1145 2291 1268 2346 quasi
1302 2305 1375 2331 601·
1408 2290 1546 2331 edens.

1084 2362 1285 2417 Compita
1305 2362 1467 2403 multae
1487 2361 1582 2402 uiae
1608 2373 1715 2414 quae
1737 2359 1788 2399 ad
1810 2372 1941 2398 unum

1142 2434 1287 2474 locum
1320 2435 1573 2488 competunt
1604 2431 1674 2472 uel
1708 2430 1880 2471 ducunt.

1086 2504 1338 2547 Coniectare
1372 2504 1667 2546 coniecturam
1699 2501 1838 2542 facere
1871 2499 1940 2540 uel

1145 2575 1364 2617 extimare.

290 2732 320 2762 1.
335 2727 523 2772 Superiori
541 2729 588 2773 91.
604 2728 687 2762 add.
704 2729 749 2762 bc
768 2729 779 2771 ΙΙ
800 2731 830 2762 5.
847 2732 878 2763 G.
907 2739 971 2763 om.
989 2741 1012 2763 (ι
1034 2730 1038 2773 1
1061 2739 1127 2773 per
1147 2739 1169 2761 a
1188 2739 1205 2763 c
1224 2728 1235 2771 ΙΙ
1258 2730 1288 2762 7.
1305 2726 1478 2761 dixerunt
1499 2739 1519 2760 (ι
1541 2727 1552 2769 ΙΙ
1572 2730 1603 2760 8.
1620 2736 1694 2758 non
1707 2735 1773 2769 per
1789 2734 1826 2757 sc
1848 2723 1885 2758 b‘2
1901 2725 1942 2758 in

192 2799 305 2832 mara.
332 2790 343 2831 ΙΙ
376 2791 406 2821 9.
435 2786 826 2836 appetitio—caelebs
853 2798 919 2822 om.
947 2800 970 2821 ιι
1004 2789 1007 2830 Ι
1043 2787 1066 2822 f.
1095 2786 1173 2820 eius
1201 2785 1266 2831 qui
1290 2797 1365 2819 non
1392 2786 1430 2819 b²
1457 2787 1496 2819 in
1522 2796 1634 2830 marry.
1655 2786 1666 2829 Η
1688 2787 1741 2817 10.
1770 2783 1940 2816 substen-

194 2845 317 2879 culum
344 2858 366 2880 a
409 2847 419 2889 ΙΙ
465 2849 518 2880 11.
545 2845 727 2880 Calcarici
751 2858 774 2880 α
813 2846 818 2890 1
859 2845 984 2880 31111113
1011 2858 1034 2881 a
1071 2848 1082 2890 ΙΙ
1127 2849 1180 2879 12.
1214 2844 1438 2879 calcimenta
1465 2857 1487 2879 a
1528 2844 1532 2886 Ι
1575 2842 1778 2877 secundum
1812 2854 1878 2878 om.
1907 2855 1942 2886 (ι,

194 2916 272 2948 emp.
301 2905 321 2938 b
362 2908 365 2946 j
407 2904 652 2938 calceamenti
683 2916 726 2940 ex
762 2905 1058 2939 calceamentum
1091 2916 1180 2939 corr.
1208 2905 1254 2939 bc
1294 2906 1298 2948 Ι
1340 2902 1479 2937 humile
1512 2913 1556 2936 ea:
1580 2901 1760 2935 humilem
1785 2914 1874 2937 corr.
1903 2903 1942 2936 αι

195 2963 248 2998 rel
274 2962 316 2997 α2
338 2964 342 3007 Ι
377 2962 476 3007 quod
502 2962 542 2996 in
566 2963 717 2998 modum
743 2975 761 2999 c
786 2965 797 3008 ΙΙ
825 2967 878 2999 13.
906 2963 1005 2998 idest
1024 2963 1123 2997 idest
1149 2975 1171 2998 α
1196 2965 1207 3007 ΙΙ
1234 2966 1288 2997 14.
1315 2960 1573 3006 Empedicleos
1599 2972 1688 2996 corr.
1705 2962 1740 2996 62
1769 2962 1773 3004 Ι
1802 2961 1825 2996 f.
1854 2961 1943 2994 dum

195 3020 426 3067 inuestigare
451 3021 490 3056 b²
516 3023 556 3056 in
581 3034 694 3068 margy.
726 3024 737 3067 ΙΙ
771 3026 824 3058 15.
851 3022 1094 3068 magistr-atos
1122 3034 1143 3056 (ι
1178 3024 1182 3064 Ι
1216 3020 1356 3055 marcio
1383 3033 1406 3055 a
1437 3025 1440 3061 1
1475 3031 1649 3054 romanus
1677 3021 1714 3054 et
1746 3020 1942 3054 uniuersae

196 3093 263 3116 om.
281 3090 312 3116 ‘a
331 3082 342 3126 ΙΙ
371 3083 424 3116 17.
453 3079 669 3116 Chirrear..
696 3081 760 3126 qui
786 3094 804 3116 c
829 3085 840 3126 ΙΙ
872 3086 927 3116 21.
956 3081 1111 3116 cuilibet
1135 3080 1189 3115 rei
1216 3079 1325 3115 alteri
1351 3092 1383 3115 α.
1417 3079 1573 3114 cuilibet
1598 3079 1651 3114 rei
1677 3079 1830 3114 alterius
1857 3080 1876 3114 b
1902 3082 1913 3125 ΙΙ
