2216 3402
170 705 186 728 5
208 691 422 746 Spondius
457 693 623 733 tractus

147 1779 180 1803 10

216 153 299 195 ῙΟΟ
728 149 962 186 PLACIDVS
987 148 1118 185 LIBRI
1144 146 1434 185 GLOSSARVM

1163 260 1283 315 legat
1315 263 1358 301 et
1391 260 1498 301 alias
1532 274 1582 301 ex
1616 259 1786 302 occulto
1825 259 1959 302 uerba

1162 332 1253 373 eius
1285 331 1454 373 furetu‘r
1486 333 1530 373 et
1561 346 1610 373 ea
1640 332 1799 387 prodat

1103 401 1303 445 Subleuit
1335 403 1560 445 subiunxit
1592 419 1617 445 a
1647 403 1838 445 liniendo

1105 474 1283 516 Subleui
1323 475 1578 531 subsignaui
1616 475 1836 531 resignaui
1876 475 1959 517 hoc

1162 549 1229 588 est
1257 547 1513 602 subsignare
1541 547 1615 602 qui
1643 547 1728 589 alio
1759 547 1959 603 signante

1160 618 1320 660 iterum
1347 618 1541 674 resignat
1563 618 1736 675 resigna
1757 621 1824 660 est
1845 619 1958 674 quod

1161 690 1319 731 dicitur
1350 690 1485 731 releui
1518 689 1556 731 si
1588 705 1638 731 ea
1670 704 1752 744 que
1785 689 1960 745 signata

1161 763 1263 802 sunt
1305 761 1559 815 aperiuntur
1597 761 1704 803 item
1747 761 1959 803 sublitum

1161 831 1321 874 dicitur
1361 833 1433 887 qui
1474 833 1698 887 inposture
1736 832 1847 873 fiunt
1883 832 1958 888 qui

269 278 320 304 ex
371 262 539 317 capillis
592 265 634 302 et
683 261 865 315 pedibus
922 260 1063 302 factus

268 335 424 389 quibus
457 334 612 375 ludunt
643 332 831 374 infantes
865 330 985 388 (Cic.)

209 405 346 461 Spiris
378 406 502 448 nodis

207 476 344 532 Spiris
379 477 551 519 circulis

208 548 345 603 Spiris
378 547 675 590 uoluminibus
709 562 758 589 ex
792 547 899 602 giris

207 619 387 675 Spectat
419 620 616 662 intuetur
648 617 716 675 ((16
742 617 817 675 91.)

207 763 451 818 Spondolus
491 765 557 804 est
601 763 894 804 internodium
940 761 1064 816 spina

264 835 381 877 dorsi
400 835 471 877 uel
491 835 579 876 imo
597 834 786 876 eiusdem
809 834 929 889 spine
949 833 1062 888 quod

263 922 422 949 nomen
440 922 528 949 non
546 922 597 948 ex
615 906 787 948 disertis
811 906 883 947 sed
901 921 952 947 ex
972 905 1063 946 uul-

264 979 442 1035 garibus
465 978 537 1034 qui
559 981 705 1020 tamen
731 978 852 1020 locus
874 978 976 1019 dum
996 977 1063 1018 de-

264 1051 464 1092 bilitatur
484 1050 700 1091 interdum
723 1049 812 1091 exit
837 1052 880 1090 et
901 1049 1062 1090 eminet

1161 903 1436 959 decipiuntur
1457 904 1525 946 6111
1551 905 1686 946 uerba
1706 905 1862 946 dantur
1887 905 1958 946 uel

1162 975 1235 1029 qui
1274 990 1362 1017 non
1400 975 1509 1016 satis
1543 975 1694 1017 doctus
1728 979 1795 1017 est
1833 979 1882 1018 ut
1921 976 1958 1018 si

1161 1046 1278 1088 dicas
1312 1047 1525 1088 sublitum
1557 1046 1664 1087 mihi
1697 1050 1764 1089 est

1102 1116 1411 1174 Sublinguium
1468 1117 1659 1159 sonitum
1717 1119 1958 1174 pessimum

1159 1189 1323 1232 dictum
1350 1192 1417 1231 est
1449 1192 1515 1231 est
1546 1192 1693 1232 tamen
1724 1205 1856 1233 sonus
1883 1191 1957 1246 qui

264 1126 436 1165 tumens

207 1194 410 1249 Spurium
423 1192 454 1251 ¹)
485 1193 702 1249 baptisma
727 1192 886 1234 falsum
907 1195 951 1233 et
973 1207 1061 1233 cor-

264 1269 441 1321 ruptum
474 1268 518 1307 et
550 1265 795 1307 adulterum
830 1262 896 1320 (de
917 1262 991 1320 91.)

205 1337 483 1393 Sterologian
514 1352 593 1392 pos
626 1336 822 1391 loquium

1159 1261 1239 1303 sub
1271 1261 1422 1317 lingua
1450 1264 1577 1303 sonat
1602 1276 1690 1304 non
1716 1262 1855 1304 bonus
1882 1265 1957 1304 aut

1159 1335 1302 1375 rectus
1335 1332 1503 1375 sonitus
1537 1336 1612 1374 aut
1644 1334 1924 1375 submurmur

204 1409 360 1451 Steron
386 1412 594 1464 proteron
620 1408 836 1450 sententia
864 1407 1012 1449 ordine
1023 1404 1056 1462 ἱ))
1099 1403 1317 1446 Subnixus
1351 1407 1417 1447 est
1448 1404 1690 1447 instructus
1718 1406 1864 1461 aliquo
1895 1405 1956 1446 ui-

261 1484 432 1523 mutata
462 1484 512 1522 ut
544 1483 776 1536 postquam
810 1479 921 1520 altos
961 1478 1058 1518 teti-

259 1551 369 1610 git3)
403 1553 561 1595 fluctus
580 1545 632 1594 ‘et
665 1552 718 1593 ad
745 1565 906 1605 equora
936 1549 1058 1591 uenit

1155 1477 1260 1518 xilio
1293 1476 1401 1518 item
1432 1476 1641 1518 subnixus
1669 1476 1876 1519 sulfultus
1903 1491 1954 1518 ex

1156 1547 1274 1589 omni
1305 1550 1429 1602 parte

259 1627 387 1666 antea
420 1624 535 1665 enim
563 1624 745 1665 adecora
776 1621 897 1663 uenit
924 1623 967 1662 et
995 1620 1056 1662 sic
1097 1618 1395 1661 Subrexerunt
1427 1623 1655 1661 erexerunt

1097 1690 1392 1733 Subsistentia
1436 1691 1637 1732 dicuntur
1680 1691 1750 1732 uel
1796 1692 1953 1733 consti-

1153 1765 1250 1804 tuta
1271 1766 1314 1804 et
1339 1763 1424 1804 fixa
1449 1763 1519 1804 uel
1547 1778 1597 1804 ex
1623 1763 1780 1817 quibus
1808 1763 1951 1818 alique

1153 1849 1220 1876 res
1261 1835 1508 1876 subsistunt
1539 1837 1589 1876 ut
1628 1834 1810 1876 dicimus
1853 1835 1951 1876 sub-

258 1696 409 1751 tetigit
442 1695 599 1737 fluctus

201 1767 490 1823 Stipulatores
523 1765 811 1821 promissores
847 1762 988 1820 (Isisl.)

199 1839 370 1881 Strideo
398 1842 440 1880 et
466 1837 620 1880 istrido
645 1836 828 1878 secunde
856 1838 900 1877 et
927 1836 1054 1877 tertie

257 1909 578 1966 coniugationis
613 1909 686 1950 sed
721 1910 867 1949 tamen
899 1906 1053 1948 melius

257 1983 440 2025 secunde
480 1979 581 2036 quia
620 1980 811 2022 crebrius
854 1978 1054 2020 istridero

256 2055 306 2097 (16
346 2053 557 2109 producta
595 2066 725 2106 quam
759 2053 960 2105 correpta
997 2050 1054 2092 ef-

1154 1906 1340 1948 stantias
1378 1909 1428 1947 ut
1461 1906 1497 1947 si
1539 1905 1753 1948 elementa
1794 1906 1950 1961 quibus

1152 1978 1295 2020 factus
1323 1981 1389 2019 est
1420 1978 1605 2019 mundus
1638 1977 1821 2019 uelimus
1854 1978 1950 2019 sub-

1153 2050 1377 2092 sistentias
1410 2050 1550 2091 dicere

256 2126 394 2167 fertur
427 2124 588 2166 strideo
623 2136 726 2178 ergo
761 2122 916 2163 strides
947 2121 1053 2163 facit
1094 2120 1362 2177 Suggillauit
1411 2120 1528 2176 guile
1580 2135 1756 2162 manum
1799 2120 1948 2162 iniecit

256 2197 393 2238 strido
426 2194 574 2238 stridis
1150 2193 1297 2234 inrisit
1330 2190 1397 2249 (de
1422 2190 1497 2249 9Z,)

197 2267 411 2323 Subigens
433 2268 606 2309 hostem
627 2266 865 2321 subiugans
894 2262 1050 2321 ((1691.)
1092 2262 1338 2320 Suggillare
1390 2266 1456 2305 est
1513 2264 1676 2319 guilam
1732 2264 1946 2320 stringere

196 2338 376 2394 sublegi
415 2342 480 2381 est
518 2341 561 2380 te
595 2339 766 2394 legente
805 2336 1048 2378 insidiando
1149 2335 1308 2391 sugillo
1366 2333 1594 2392 uerbum4)
1652 2335 1845 2378 actiuum
1903 2338 1947 2376 et

252 2410 422 2452 furatus
467 2425 561 2453 sum
606 2413 656 2451 ut
706 2410 742 2451 si
789 2408 885 2464 quis
931 2407 1048 2449 solus

289 2517 323 2562 1)
348 2517 503 2562 fflossam
528 2515 646 2560 suppl.
673 2526 718 2549 m.
736 2518 761 2550 2
787 2516 798 2558 ΙΙ
831 2514 866 2557 2)
893 2512 978 2547 add.
1005 2523 1050 2546 m.
1067 2514 1092 2546 ί.)
1118 2511 1159 2545 in
1184 2522 1255 2546 ras.
1283 2513 1294 2557 ΙΙ
1326 2513 1362 2556 3)
1389 2510 1479 2557 tigit
1503 2523 1548 2547 m.
1566 2515 1591 2547 2
1618 2513 1658 2546 in
1682 2513 1787 2556 7118.ss
1819 2514 1858 2556 4)
1883 2523 1946 2546 11111

1147 2407 1252 2448 facit
1284 2407 1508 2461 passiuum
1541 2407 1726 2462 sugillor

193 2588 236 2610 ea:
267 2587 327 2610 om
359 2588 404 2611 m.
425 2579 445 2610 1
488 2577 499 2619 ΙΙ

191 2658 353 2703 pellibus
377 2661 381 2703 Ι
404 2658 524 2693 factas
540 2669 584 2693 ειη
597 2657 721 2692 factus
736 2667 826 2692 corr.
849 2657 854 2701 1
876 2654 973 2700 plac.
988 2654 1062 2689 cod.
1084 2656 1095 2699 ΙΙ
1116 2657 1146 2688 1.
1162 2653 1273 2688 nudis
1296 2658 1343 2700 Ἰ3.
1361 2655 1398 2689 et
1411 2669 1421 2700 ι1
1442 2657 1473 2690 5.
1490 2653 1684 2698 Spondeus
1698 2665 1742 2689 ex
1757 2653 1942 2699 Spondius

192 2730 280 2753 carr.
302 2720 314 2763 ΙΙ
334 2721 365 2752 6.
393 2716 551 2752 desertis
572 2722 579 2762 1
602 2715 712 2751 exsiit
730 2717 742 2761 ΙΙ
764 2719 794 2750 7.
822 2713 1075 2749 adulterinum
1095 2724 1139 2748 eoe
1160 2713 1373 2748 adulterum
1393 2724 1483 2749 corr.
1503 2714 1516 2758 ΙΙ
1536 2717 1568 2748 8.
1597 2712 1808 2758 Sterologia
1830 2715 1835 2757 Ι
1856 2714 1944 2758 post

192 2776 359 2820 loquium
390 2777 402 2821 ΙΙ
433 2780 464 2811 9.
493 2774 676 2810 sententie
708 2778 712 2819 1
742 2774 839 2809 enim
867 2774 915 2808 ad
942 2783 1105 2817 aequora
1135 2775 1139 2817 Ι
1167 2772 1251 2808 isid.
1279 2774 1354 2808 cod.
1387 2774 1399 2818 ΙΙ
1433 2775 1486 2807 11.
1516 2773 1553 2806 et
1579 2771 1697 2806 strido
1720 2775 1726 2817 1
1748 2770 1906 2806 stridere
1931 2775 1942 2818 ῃ

193 2840 247 2871 13.
275 2835 371 2870 alius
394 2838 399 2880 1
421 2835 556 2881 perdat
580 2846 624 2870 eae
649 2834 785 2879 prodat
810 2845 900 2869 corr.
921 2834 932 2878 ΙΙ
960 2835 1013 2867 14.
1041 2830 1255 2866 subiuncxit
1274 2834 1285 2877 ΙΙ
1313 2835 1368 2867 15.
1396 2830 1613 2876 aperiantur
1632 2833 1643 2876 ss
1663 2834 1717 2866 16:
1744 2830 1905 2876 pessime
1935 2830 1939 2878 Ι

192 2895 300 2939 quasi
319 2906 393 2930 non
415 2898 420 2940 1
443 2895 678 2930 submurmor
696 2895 708 2939 ll
729 2898 783 2928 17.
810 2893 1014 2927 instructus
1041 2902 1085 2927 eae
1110 2889 1296 2926 intructus
1322 2902 1412 2927 corr.
1437 2893 1441 2935 Ι
1465 2889 1605 2925 auxilio
1628 2892 1633 2935 Ι
1656 2889 1844 2925 subfultus
1867 2891 1872 2935 Ι
1895 2889 1942 2924 de

192 2954 239 2999 gl.
268 2956 341 2990 cod.
362 2956 374 2999 Η
395 2958 450 2990 18.
478 2955 691 2989 etrexerunt
709 2955 721 2998 11
742 2956 797 2988 19.
824 2951 998 2987 dicuntur
1025 2962 1069 2986 ex
1096 2949 1233 2984 dicitur
1257 2962 1348 2986 corr.
1378 2951 1384 2996 Ι
1412 2949 1537 2994 alique
1564 2961 1581 2985 6
1606 2961 1697 2985 corr.
1721 2952 1726 2994 ί
1748 2960 1806 2984 res
1832 2960 1877 2985 ex
1901 2959 1940 2983 re

191 3025 281 3049 corr.
305 3016 309 3056 Ι
332 3014 454 3048 factus
480 3025 524 3049 ex
550 3013 692 3048 factum
718 3024 808 3048 corr.
835 3013 847 3057 ΙΙ
871 3014 928 3047 20.
956 3008 1188 3056 Suggillauit
1213 3022 1257 3044 ecc
1284 3009 1488 3055 Sugillauit
1514 3020 1604 3044 corr.
1627 3011 1632 3052 Ι
1655 3008 1742 3054 gule
1768 3020 1813 3044 ea:
1837 3007 1939 3054 guile

190 3084 280 3108 corr.
304 3074 310 3117 1
327 3077 409 3117 post
434 3072 565 3107 iniecit
589 3084 670 3108 nov.
696 3073 743 3118 91.
771 3073 840 3107 inc.
868 3076 901 3107 et
927 3068 1158 3115 Suggillauit
1183 3070 1267 3105 add.
1289 3071 1300 3115 ΙΙ
1326 3072 1382 3103 21.
1409 3068 1539 3113 gulam
1565 3079 1609 3104 em
1637 3067 1782 3113 guilam
1806 3077 1899 3102 corr.
1930 3065 1935 3114 Ι

191 3131 381 3177 suggillo}
411 3131 592 3176 suggillor
624 3133 636 3176 ΙΙ

1981 488 2013 513 15

1969 2135 2003 2160 20
