2221 3490
163 1058 194 1081 10

174 2352 204 2376 10

214 142 302 183 540
618 138 875 174 EXCERPTA
899 137 965 172 EX
991 136 1162 172 CODICE
1187 136 1436 172 VATICANO
1467 141 1555 171 1471

214 250 395 306 Spurius
429 251 479 291 de
512 249 679 290 incerto
712 251 836 303 patre
865 249 994 289 natus
1028 247 1068 288 id
1109 246 1298 301 Tripoda
1331 245 1518 301 tripedia
1553 246 1596 287 id
1629 248 1696 287 est
1728 246 1966 288 scabellum
1989 257 2022 282 ¹5

272 325 338 364 est
371 321 420 362 de
455 320 669 362 adulterio
1171 334 1268 361 cum
1300 321 1389 360 tres
1422 319 1551 373 pedes

214 394 312 435 Stec
346 393 408 433 ita
439 407 542 433 uero
1109 391 1348 448 Tagurium
1367 390 1612 446 hospicium
1629 389 1848 432 modicum
1868 405 1969 445 pau-

213 465 330 519 stips
364 479 500 518 parua
532 464 754 518 quantitas
788 464 968 519 pecunie
1168 465 1285 518 peris

214 535 496 590 Stropharius
529 535 728 590 inpostor
1110 535 1338 590 Tyrannus
1372 534 1511 576 malus
1538 548 1614 575 rex
1641 533 1714 588 qui
1741 532 1833 576 sine
1866 533 1969 589 legi-

179 625 193 648 ῑ»
214 606 296 648 Sue
332 607 511 662 porcina
1170 607 1251 649 bus
1287 607 1409 649 uiuet

215 678 428 721 Subulcus
462 680 686 733 porcarius

215 750 432 806 Supplosa
465 752 639 794 exclusa
1113 751 1312 793 Valitant
1344 751 1438 792 sani
1471 753 1573 792 sunt

216 824 425 865 Suauium
459 824 654 866 osculum
686 825 955 867 luxoriosum
1113 823 1247 865 Vafre
1280 822 1543 877 inequaliter

217 896 326 938 Sura
358 896 555 938 muscula
587 897 804 938 tibearum
1114 895 1248 937 Vafer
1265 909 1446 951 grossus
1461 897 1633 936 astutus
1652 894 1763 950 (add.
1776 892 1972 952 mssrce.)
1993 903 2028 928 20

1114 967 1307 1009 Verrunt
1340 969 1530 1021 scupant
1557 966 1627 1008 uel
1659 969 1840 1008 uestunt

217 1039 361 1082 Taxat
394 1040 592 1082 nominat
626 1042 693 1083 uel
729 1042 913 1083 extimat
1114 1039 1254 1081 Viuex
1287 1039 1419 1094 plaga
1452 1053 1503 1080 ex
1537 1038 1662 1093 uirga

215 1112 376 1154 Thiara
408 1112 572 1167 pileum
605 1112 834 1169 frigiorum
1114 1110 1394 1167 Vliginosum
1428 1110 1588 1165 pingue

216 1184 432 1239 Turpidus
467 1184 668 1239 stupidur
1118 1182 1226 1224 Vtro
1274 1182 1469 1237 citroque
1517 1185 1640 1223 extra
1685 1183 1728 1223 et
1774 1181 1888 1223 infra
1934 1182 1975 1224 id

215 1256 503 1297 Toilditantes
537 1271 637 1312 sepe
672 1258 901 1298 tondentes
1176 1257 1243 1296 est
1276 1256 1375 1295 ante
1410 1257 1453 1295 et
1486 1256 1603 1296 retro

216 1327 453 1382 Trepudiat
486 1329 644 1384 gaudio
678 1329 844 1370 exultat
1119 1327 1283 1382 thote
1296 1325 1564 1368 utforsitans
1581 1326 1649 1367 uel
1662 1326 1974 1380 propemodum
1998 1333 2031 1357 2⁵

1065 1459 1129 1501 IV

219 1544 431 1587 Aematus
465 1545 647 1586 eximior
681 1560 811 1600 quam
846 1546 1060 1599 cognatus
1117 1542 1375 1596 Diplomum
1409 1540 1679 1596 duplicatum
2001 1550 2035 1573 20

218 1617 504 1659 Adludicrum
537 1632 604 1658 res
639 1616 691 1658 ad
724 1617 868 1658 lusum
902 1619 1003 1670 apta
1119 1614 1296 1656 Deicrat
1329 1613 1441 1655 male
1474 1613 1592 1655 iurat

222 1689 428 1743 Anquirit
460 1689 642 1744 inquirit
1118 1688 1328 1728 Detrutus
1378 1685 1586 1727 inmissus
1638 1685 1707 1726 uel
1764 1686 1862 1740 plus
1919 1686 1979 1727 in-

221 1761 477 1803 Adtaminat
511 1760 780 1802 contaminat
1178 1758 1315 1813 pulsis

223 1834 436 1889 Adlapsas
471 1833 623 1875 sinsim
656 1831 833 1874 ueniens
1120 1830 1365 1872 Diliuotum
1399 1829 1632 1884 diligenter
1665 1832 1844 1871 unctum

1119 1903 1401 1957 Disceptator
1434 1901 1681 1956 disputator

221 1978 363 2020 Butus
397 1977 608 2032 incipiens
1119 1975 1327 2017 Ditentus
1362 1972 1468 2015 satis
1505 1973 1657 2027 plenus
1692 1972 1788 2014 cibo
1821 1973 1890 2014 uel
1925 1973 1979 2014 ad
2002 1979 2035 2005 25

222 2052 386 2093 Brutus
419 2052 639 2106 pugnator
1180 2046 1328 2101 uirgas
1362 2048 1512 2086 tensus

1121 2118 1340 2160 Desuetus
1373 2117 1654 2158 inconsuetus

224 2193 337 2237 Geue
370 2193 580 2235 inclinata
1121 2189 1316 2232 Decliuis
1349 2187 1584 2230 inclinatus
1618 2187 1740 2228 locus
1772 2221 1777 2225 .

225 2266 382 2309 Contio
417 2267 682 2308 conuocatus
717 2264 903 2319 populus
1122 2262 1209 2303 Dat
1240 2274 1399 2302 uenum
1434 2259 1551 2300 uidet

226 2337 687 2392 Gementumlapidum
706 2335 1085 2378 munitorumcon-
1122 2333 1377 2387 Deprauatu
1410 2332 1460 2372 de
1495 2333 1652 2372 ornatu

286 2409 485 2466 gregatio
1123 2405 1307 2459 Deplere
1341 2403 1522 2457 deplena
1554 2402 1762 2444 deducere
2001 2410 2036 2435 30

228 2482 468 2524 Comiratio
503 2480 754 2523 conuiuium
787 2479 1066 2521 meretricum
1123 2476 1429 2518 Deriuatiuum
1457 2490 1481 2515 a
1511 2489 1589 2516 suo
1618 2488 1746 2515 curru
1773 2489 1984 2516 conuerso

228 2554 475 2597 Concentus
509 2553 638 2595 simul
671 2551 935 2608 recolligunt

229 2625 360 2669 Caule
395 2625 636 2667 cancellum
668 2617 910 2666 anteiu'dice
1126 2620 1333 2676 Elogium
1367 2618 1522 2660 titulus
1557 2616 1789 2659 cuiuslibet
1822 2616 1883 2658 rei

229 2697 418 2740 Oiterior
452 2697 525 2752 qui
558 2700 680 2738 extra
713 2699 780 2738 est
1125 2691 1285 2747 Elogia
1316 2706 1416 2745 pars
1450 2688 1654 2731 carminis

178 2786 209 2809 15
231 2769 387 2812 Caulas
422 2769 542 2811 aulas
576 2768 756 2824 pecunie
1127 2763 1343 2805 Effemina
1375 2762 1420 2803 in
1455 2760 1616 2803 femina
1649 2759 1867 2802 conuertit

231 2842 324 2884 Con
357 2842 478 2883 tiona
509 2844 626 2882 tores
661 2855 828 2882 errores
1127 2834 1417 2890 Experfectus
1451 2848 1475 2875 a
1508 2846 1660 2874 somno
1693 2831 1882 2873 surrexit
2005 2840 2040 2866 35

233 2913 325 2955 Con
346 2912 647 2968 perendinatio
669 2912 972 2954 recrastinatio
995 2926 1090 2952 con-
1128 2906 1343 2948 Extabuit
1374 2906 1472 2961 plus
1506 2919 1637 2959 quam
1670 2903 1840 2945 sorbuit

293 2985 398 3026 uicti
1011 3017 1014 3019 .
1130 2977 1367 3020 Euitabilis
1401 2977 1476 3032 qui
1507 2976 1749 3017 declinatur

236 3057 357 3097 Flam
390 3056 607 3097 destinum
641 3055 747 3096 satis
782 3054 1002 3096 occultum
1130 3051 1371 3092 Euirantur
1404 3049 1708 3090 effeminantur

236 3128 462 3181 Caupones
480 3126 743 3168 stabularios
762 3126 831 3167 uel
854 3125 1092 3167 tabernarii
1131 3122 1376 3165 Edacitatis
1411 3120 1544 3162 multe
1579 3117 1866 3161 comestiones
