2221 3490
205 133 293 176 524
606 133 863 169 EXCERPTA
889 133 955 169 EX
982 133 1154 171 CODIOE
1181 134 1432 171 VATICANO
1461 140 1551 171 1469

205 243 446 286 Μ3111101113
477 258 580 298 pera
612 244 849 300 pastoralis
1106 245 1308 288 Ocimum
1341 246 1523 288 basilico
1984 266 2018 292 25

205 315 346 357 Molar
379 315 570 357 amentia
1105 316 1357 373 Opitulator
1392 321 1620 374 susceptor

205 386 375 428 Momar
407 387 569 429 stultus
1106 389 1543 445 Orphanotrophium
1563 391 1686 433 locus
1701 392 1963 434 uenerabilis

203 458 344 500 Multa
374 473 516 514 poena
548 460 728 515 pecunie
1164 461 1209 503 in
1243 477 1328 517 quo
1367 463 1623 517 parentibus
1658 463 1800 505 orbati
1841 464 1965 519 pueri

143 570 145 573 .
168 546 183 571 5
204 529 386 572 Muttire
419 531 539 587 loqui
1164 533 1340 576 aluntur

203 601 367 644 Monile
396 607 702 646 ornamentum
729 605 921 660 gutturis
950 607 1065 661 quod

264 678 307 717 et
341 679 615 732 segmentum
648 677 807 720 dicitur
1103 677 1388 735 Plagipatida
1416 682 1482 721 est
1510 680 1583 735 qui
1615 680 1769 736 plagas
1799 680 1967 736 patitur

202 747 399 790 Multitia
449 749 585 791 uestis
639 764 722 805 que
774 749 913 792 multa
964 750 1065 793 licia
1163 754 1213 792 ut
1247 766 1399 793 seruus
1433 752 1504 794 uel

261 819 396 861 habet
1104 822 1270 865 Proeeo
1303 822 1368 865 illi

202 891 449 934 Methodias
490 893 822 936 adinuentiones
861 895 931 937 uel
974 911 1066 937 uer-
1104 895 1357 951 Purpurilla
1390 896 1548 938 dicitur
1579 897 1700 939 locus
1734 898 1780 939 111
1808 898 1963 939 0381118
1985 912 2019 937 30

263 964 401 1007 sutias
1164 970 1288 1010 extra
1314 968 1481 1010 uallum
1506 969 1553 1010 in
1580 983 1664 1024 quo
1693 972 1838 1011 scorta
1869 984 1965 1025 pro-

1163 1043 1282 1083 stant
1307 1056 1410 1082 nam
1432 1041 1546 1096 apud
1566 1043 1738 1082 ueteres
1766 1043 1964 1095 matrone

201 1108 339 1152 Nimis
370 1110 530 1152 dicitur
643 1112 718 1153 sed
744 1112 978 1167 aliquando
1006 1114 1064 1155 la·
1163 1113 1278 1155 stola
1322 1113 1526 1167 libertine
1572 1115 1678 1169 toga
1725 1113 1964 1168 prostitute

261 1182 354 1224 tina
397 1182 548 1239 lingua
592 1184 675 1226 1100
713 1186 848 1227 uerbo
890 1185 951 1227 sic
994 1187 1064 1227 ab-
1161 1200 1380 1241 purpurea
1410 1188 1533 1227 ueste
1566 1185 1805 1227 utebantur-

260 1255 402 1297 11111111·
433 1258 483 1296 111
513 1256 642 1298 11111118
670 1272 748 1311 pro
778 1272 828 1299 eo
857 1258 971 1312 quod
1000 1261 1064 1300 est
1100 1257 1276 1300 Pollata
1310 1257 1458 1300 tunica
1488 1257 1617 1314 nigra
1646 1257 1784 1300 uestis

262 1327 389 1369 ualde
417 1330 460 1369 et
491 1328 687 1383 positum
716 1329 990 1372 inueniamus
1018 1331 1064 1372 111
1102 1329 1312 1372 Polimita
1346 1329 1642 1372 multicoloria

260 1399 422 1442 litteris
475 1399 609 1442 sacris
661 1404 704 1443 et
753 1417 966 1457 ponamus
1018 1403 1062 1444 in
1102 1402 1272 1445 Polline
1305 1402 1446 1443 farina

262 1473 536 1515 sermonibus
568 1473 732 1516 11081118
767 1509 774 1516 .
797 1508 804 1516 .
826 1508 833 1516 .
1103 1474 1348 1517 Ρο1111131118
1371 1476 1437 1516 081
1462 1476 1609 1516 textus
1637 1475 1876 1517 multorum
1899 1490 1966 1518 co-

150 1560 182 1584 10
202 1544 438 1588 Nocticula
470 1545 573 1587 luna
1161 1547 1306 1589 lorum

201 1616 504 1674 Naustologus
536 1618 663 1660 nauis
697 1619 934 1674 dispositor
1101 1619 1246 1675 Popus
1278 1619 1395 1661 filius
1985 1633 2020 1660 35

201 1689 351 1745 Nepos
385 1693 451 1732 081
483 1705 642 1732 nomen
674 1691 800 1745 stelle
828 1694 872 1733 01
904 1706 1063 1733 nomen
1103 1691 1356 1733 Podiceleus
1391 1691 1691 1747 corruptibilis

262 1762 477 1818 serpentis
511 1765 555 1805 01
586 1762 703 1805 filius
737 1763 818 1805 filii
1102 1764 1286 1806 Poscere
1320 1763 1478 1806 minari

202 1834 395 1891 Necgnis
430 1850 659 1877 commune
693 1849 830 1891 genus
858 1839 925 1879 est
957 1837 1064 1878 facit
1100 1835 1210 1878 Pote
1245 1835 1434 1878 forsitan

259 1916 342 1950 11011
393 1922 534 1964 negne
586 1922 772 1963 namque
827 1911 942 1951 certe
994 1910 1063 1951 uel
1101 1907 1377 1951 Porrectiore
1410 1907 1619 1951 hilariore
1654 1908 1889 1951 sinceriore

261 1983 407 2022 autem
1100 1979 1287 2023 Procula
1320 1981 1450 2036 epula
1482 1996 1612 2037 super
1644 1996 1839 2023 mensam
1984 1995 2020 2021 40

200 2052 405 2108 Nequula
426 2052 738 2095 diminutiuum
759 2056 826 2095 est
848 2068 1063 2109 anequam
1100 2052 1326 2095 Proficuus
1361 2053 1549 2095 salubris
1582 2053 1652 2096 uel
1679 2052 1754 2108 qui
1785 2053 1965 2108 prodest

147 2137 180 2162 15
201 2123 398 2167 Neruum
418 2125 643 2167 uinculum
670 2125 859 2167 ferreum
881 2141 966 2181 quo
990 2141 1063 2181 pe-
1101 2125 1444 2180 Pastophorium
1472 2126 1633 2167 atrium
1661 2126 1816 2181 templi
1837 2128 1880 2168 01
1901 2140 1964 2167 83-

261 2197 334 2239 des
368 2197 439 2238 uel
473 2197 662 2239 ceruices
696 2197 993 2254 impediuntur
1162 2197 1352 2239 crarium

202 2269 299 2311 Neu
331 2284 439 2311 neue
471 2269 640 2311 neforte
674 2270 744 2312 uel
775 2270 867 2312 noli
1101 2270 1382 2311 Pastinantes
1403 2270 1654 2324 plantantes
1681 2270 1752 2312 uel
1773 2269 1964 2312 colentes

201 2341 444 2398 Nugacitas
477 2342 651 2384 uanitas
685 2342 856 2385 insania
1101 2341 1466 2384 Paracharaxima
1516 2333 1664 2399 imago
1709 2342 1782 2385 uel
1825 2342 1967 2398 figura

201 2413 546 2456 Nomenculator
600 2429 760 2456 nomen
811 2417 877 2456 est
929 2415 1063 2457 officii
1161 2413 1274 2455 falsa

259 2485 374 2527 idest
428 2500 506 2540 per
561 2501 721 2528 nomen
772 2487 959 2528 clamare
1011 2487 1063 2529 ad
1102 2485 1286 2541 Peligna
1318 2486 1545 2541 prouincia
1984 2501 2018 2527 45

260 2557 491 2613 prandium
525 2558 764 2600 colatorem
798 2559 912 2600 enim
955 2559 1064 2601 dice-
1103 2558 1299 2601 Poenum
1332 2558 1585 2601 cellarium.

262 2630 369 2672 bant
402 2630 572 2686 antiqui
606 2631 889 2673 clamatorem
1102 2630 1308 2685 Pretexta
1349 2631 1514 2686 puerile
1553 2631 1736 2686 pallium
1774 2632 1841 2672 est
1880 2644 1964 2684 quo

202 2701 404 2744 Nouerca
436 2704 603 2743 matrea
1162 2703 1286 2758 pueri
1318 2703 1488 2745 nobiles
1521 2718 1659 2758 usque
1691 2703 1744 2745 ad
1778 2701 1966 2744 sedecim

1163 2789 1298 2817 annos
1340 2776 1420 2817 sub
1453 2774 1680 2830 discipline
1714 2774 1837 2817 cultu
1873 2775 1964 2815 ute-

148 2858 183 2883 20
203 2844 404 2888 Occuluit
438 2846 676 2889 occultauit
1161 2848 1323 2889 bantur
1342 2847 1454 2889 unde
1481 2850 1525 2889 et
1548 2846 1813 2903 praetextati
1839 2845 1963 2901 pueri

203 2916 308 2972 Opis
340 2918 612 2973 possibilitas
1163 2920 1371 2975 appellati
1405 2922 1507 2961 sunt

205 2988 388 3031 Ochima
419 2989 670 3033 uehiculum
1101 2992 1319 3034 Pelicatus
1351 2991 1566 3047 zelotipus

203 3059 410 3115 Operatia
443 3076 663 3105 sermones
696 3065 766 3106 uel
801 3079 931 3120 opera
1100 3064 1343 3106 Primolum
1376 3063 1581 3119 primitus

205 3131 357 3174 Orbita
390 3134 637 3177 rotunditas
837 3179 839 3181 ,
1102 3136 1344 3179 Ρο111110101
1376 3136 1450 3190 qui
1484 3138 1680 3179 mortuos
1714 3133 1871 3191 sepelit
1981 3148 2016 3174 50
