2175 3428
248 112 335 156 208

306 223 526 264 inuenitur
559 224 631 277 qui
666 223 701 264 si
736 224 814 264 sub
849 223 999 279 lingua
1030 224 1103 266 lio-

241 349 243 351 *
307 295 434 336 minis
457 294 656 335 subditus
678 294 809 335 fuerit
830 294 977 336 futura
1005 311 1102 337 eum

308 367 423 421 magi
456 365 675 420 precinere
709 366 912 408 dicuntur

247 438 421 478 Hilcum
454 439 608 491 patens
642 440 845 491 apertura

246 509 406 550 Hilidri
440 511 661 563 serpentes
696 509 887 563 aquatici

246 580 410 621 Hilitor
444 579 583 621 ortica

247 651 454 693 Hieronia
481 651 646 693 inrisua
666 652 798 694 dictio
826 652 936 694 aliut
956 653 1101 695 dicens

306 727 348 764 et
386 722 502 763 aliud
536 722 785 778 significans
820 724 882 765 sic
920 724 1100 766 laudans

305 797 355 835 ut
387 809 486 835 eum
518 793 766 849 uituperare
800 795 1028 851 intellegas

210 865 420 907 5Hironii
459 868 714 908 sannatores
752 869 795 908 et
833 867 1101 909 detractores

194 1525 225 1548 10

305 936 445 994 (Ise‘d.)

247 1009 429 1064 Hisquis
449 1008 652 1064 uirgilius
673 1008 937 1051 nouissimus
959 1013 1002 1051 et
1030 1010 1102 1064 qui

305 1083 577 1122 transuersat
609 1081 812 1122 uentibus
846 1081 1014 1135 hirquis

244 1152 400 1194 Hirtus
441 1155 666 1207 asperatus
705 1152 936 1194 historiam
976 1155 1024 1194 ut
1057 1153 1102 1194 ui

306 1224 500 1279 corporis
533 1223 766 1279 adsignans

246 1295 377 1338 Hisce
408 1293 580 1351 histis1)

244 1366 423 1409 Hiscere
456 1366 616 1408 findere
650 1367 815 1422 aperire
855 1370 975 1408 stant
1008 1368 1102 1409 olor

306 1439 426 1493 cupit
460 1437 564 1480 scife
598 1439 738 1493 ripam

248 1509 520 1551 Hiscinditur
553 1509 762 1551 diuiditur

244 1580 444 1624 Historia
493 1584 560 1623 est
604 1596 748 1623 rerum
771 1581 1101 1637 ‚preteritarum

305 1653 685 1708 praesentiumque
729 1653 922 1694 narratio
967 1653 1101 1695 histo-

304 1724 413 1766 riam
464 1727 611 1766 autem
662 1724 887 1778 speciebus
946 1725 1100 1767 ceteris

305 1795 558 1850 hocprestat
580 1796 694 1850 quod
716 1796 800 1851 ipsi
821 1796 976 1838 ceteris
1005 1797 1102 1838 sub-

302 1868 446 1909 iacent
478 1868 573 1923 ipsa
604 1868 715 1909 nulli

245 1938 492 1980 Historicus
529 1939 826 1994 pantomimus
859 1939 932 1994 qui
965 1940 1101 1981 storia

305 2009 458 2052 scribit

242 2081 555 2137 Historiografi
588 2082 873 2124 historiarum
901 2084 1100 2124 auctores

242 2151 460 2193 Histridio
493 2153 723 2195 historiam
755 2155 878 2195 motu
905 2152 1100 2207 corporis

305 2223 553 2279 significans

243 2293 491 2337 Histriones
523 2295 698 2337 iscenici

208 2380 222 2403 5
243 2366 492 2408 Histriones
526 2366 737 2421 prepositi
769 2365 1046 2407 meretricum

242 2437 401 2479 Hiulca
432 2437 568 2479 scissa
594 2438 698 2478 fissa
723 2437 925 2492 uirgilius
952 2437 1098 2479 hiulca

303 2509 375 2550 siti
407 2509 533 2550 findit
565 2509 717 2564 ganisa
749 2509 910 2550 estiuer
942 2524 1047 2550 arua

707 112 962 148 EXCERPTA
987 112 1052 147 EX
1077 112 1220 148 LIBRO
1247 112 1538 149 GLOSSARVM

1141 222 1397 264 Holfactum
1430 223 1657 265 odoratum

1141 294 1318 336 Holitor
1351 295 1576 336 ortolanus

1140 365 1318 407 Holitor
1351 366 1437 407 orti
1469 366 1560 407 siue
1593 365 1758 408 olerum
1790 367 1932 410 cultor

1142 436 1412 478 Holocausta
1445 437 1658 480 sacrificia

1142 508 1536 562 Holocaustomata

1142 580 1461 622 Holocaustum
1475 582 1618 622 totum
1633 581 1895 624 conbustum
1915 582 1996 626 hoc

1199 651 1296 694 ideo
1348 652 1450 707 quia
1500 652 1672 708 integra
1715 653 1862 695 hostia
1905 653 1997 710 igni

1200 724 1363 765 tradita
1395 723 1777 765 consummebatur

1143 794 1389 837 Homuncio
1458 809 1546 836 non
1614 796 1789 849 grandis
1858 795 1995 838 forme

1192 866 1332 908 ·homo
1812 860 1817 865 ’

1141 937 1441 979 Homunculus
1479 940 1722 980 monstrum

1141 1009 1412 1051 Homuculus
1444 1024 1532 1051 non
1565 1009 1742 1065 grandis
1774 1010 1906 1052 homo

1140 1080 1292 1122 Honos
1338 1083 1381 1122 et
1426 1080 1554 1122 arbos
1600 1083 1753 1122 contra
1800 1081 1996 1137 regulam

1200 1152 1359 1194 dicitur
1402 1152 1482 1195 flos
1523 1155 1668 1194 autem
1713 1152 1816 1194 licet
1856 1152 1996 1194 dicere

1200 1225 1302 1279 quia
1340 1225 1536 1281 regulam
1576 1224 1866 1266 monosillaba
1909 1238 1997 1266 non

1201 1296 1438 1338 admittunt

1141 1366 1292 1409 Honos
1327 1367 1504 1422 antique
1536 1367 1676 1409 honor
1708 1371 1758 1410 ut
1789 1368 1914 1410 labor

1140 1437 1317 1480 Hornus
1370 1439 1533 1493 species
1580 1438 1746 1480 arboris
1794 1438 1996 1495 uirgilius

1200 1511 1279 1552 sub
1318 1510 1499 1565 pedibus
1544 1513 1706 1552 terram
1745 1514 1788 1552 et
1826 1511 1997 1552 descen—

1199 1583 1298 1624 dere
1331 1582 1554 1624 montibus
1587 1581 1750 1624 hornos

1140 1652 1400 1695 Hortatores
1426 1653 1664 1695 celerarum
1690 1667 1843 1695 suasor
1867 1652 1996 1694 istius

1198 1723 1332 1765 inlate
1366 1725 1636 1767 crudelitatis

1141 1794 1363 1837 Horticuli
1396 1796 1585 1838 ortulani
1619 1799 1764 1838 ortum
1803 1796 1995 1839 colentes

1139 1865 1312 1922 Hospes
1328 1870 1372 1908 et
1387 1868 1460 1922 qui
1481 1869 1760 1924 peregrinum
1783 1866 1952 1922 sucepit
1961 1864 1996 1923 2)

1200 1941 1244 1980 et
1289 1939 1363 1993 qui
1415 1939 1651 1994 suscipitur
1701 1939 1814 1981 sicut
1865 1952 1996 1993 quam

1198 2009 1357 2065 hospes
1390 2010 1555 2065 hospiti
1588 2011 1817 2065 perrexisti

1139 2080 1298 2123 Hostia
1340 2084 1508 2123 ueteres
1547 2082 1766 2123 uocabant
1805 2096 1887 2136 que
1929 2081 1996 2122 de-

1198 2153 1327 2194 uictis
1355 2153 1557 2194 hostibus
1584 2153 1894 2195 immolabatur
1915 2152 1995 2194 hec

1201 2227 1245 2265 et
1278 2224 1458 2266 uictima
1496 2225 1736 2267 uocabatur
1768 2224 1842 2266 alii
1873 2224 1996 2266 uicti-

1197 2310 1311 2337 mam
1351 2296 1447 2338 ideo
1487 2296 1648 2338 dictam
1691 2299 1848 2352 putant
1893 2294 1996 2351 quia

1196 2367 1316 2409 hictu
1360 2382 1565 2422 percussa
1610 2368 1726 2410 cadit
1778 2368 1847 2410 uel
1896 2366 1997 2423 quia

1195 2438 1312 2480 dicta
1344 2439 1397 2480 ad
1431 2454 1527 2481 aras
1564 2439 1813 2494 perducitur

1135 2509 1343 2552 Hosticus
1377 2514 1421 2551 et
1454 2510 1596 2552 ostilis
1629 2525 1763 2552 unum
1795 2513 1861 2552 est

341 2664 375 2706 1)
401 2661 433 2696 is
458 2663 500 2697 in
524 2672 596 2697 ras.
623 2673 668 2697 m.
685 2664 709 2697 2
740 2663 751 2706 ΙΙ
783 2662 818 2705 2)
845 2671 864 2695 e
890 2662 931 2696 in
956 2660 969 2695 i
994 2673 1038 2696 m.
1057 2665 1083 2697 2
1111 2672 1201 2697 corr.
1231 2663 1243 2707 ss

244 2792 408 2826 futurum
431 2794 436 2837 1
458 2791 637 2837 pertineri
659 2793 664 2837 Ι
687 2791 818 2826 dicunt
844 2794 855 2836 ΙΙ
886 2796 918 2827 4.
945 2783 1102 2827 Hironia
1124 2794 1130 2838 Ι
1152 2794 1189 2827 et
1216 2792 1312 2827 aliut
1337 2794 1348 2837 ΙΙ
1380 2796 1411 2827 6.
1439 2791 1614 2827 uentibus
1642 2791 1787 2837 hisquis
1807 2795 1818 2838 ΙΙ
1846 2796 1876 2827 7.
1911 2791 1993 2826 Hir-

244 2863 306 2884 cus
339 2853 350 2896 ΙΙ
389 2854 443 2886 11.
470 2850 629 2885 historia
655 2852 780 2885 autem
815 2854 819 2894 Ι
855 2850 938 2886 isid.
966 2851 1041 2886 cod.
1072 2853 1083 2896 ss
1122 2855 1175 2886 12.
1204 2850 1382 2885 historias
1408 2863 1452 2886 ea:
1483 2850 1644 2886 historia
1668 2862 1760 2887 corr.
1798 2854 1810 2898 ΙΙ
1849 2854 1904 2886 18.
1932 2850 1994 2886 Ol-

245 2910 386 2944 factum
411 2922 454 2945 esc
479 2909 697 2945 Holfactum
723 2920 814 2945 corr.
847 2911 858 2953 ΙΙ
890 2912 945 2944 19.
974 2908 1094 2944 Olitor
1120 2921 1164 2944 ex
1189 2909 1337 2945 Holitor
1363 2921 1454 2946 corr.
1486 2914 1491 2954 Ι
1515 2909 1710 2945 ortulanus
1740 2911 1752 2954 ΙΙ
1783 2913 1839 2945 20.
1868 2909 1988 2944 Olitor

245 2980 288 3003 ea·
314 2968 462 3004 IIolitor
487 2981 576 3005 corr.
604 2971 615 3014 ΙΙ
647 2973 701 3003 21.
731 2968 910 3003 sacrifitia
935 2971 946 3014 Η
975 2972 1031 3004 23.
1058 2969 1347 3003 consumebatur
1372 2971 1384 3014 ss
1409 2973 1466 3005 24.
1493 2969 1696 3004 Homuntio
1722 2972 1734 3014 ΙΙ
1765 2972 1821 3005 28.
1848 2967 1995 3013 antiqui

245 3038 289 3061 esc
315 3028 469 3072 antique
495 3040 586 3064 corr.
607 3031 619 3074 ΙΙ
639 3032 692 3063 30.
721 3028 866 3063 suasior
887 3029 893 3073 Ι
915 3028 955 3062 iu
980 3028 1062 3062 luce
1081 3029 1092 3072 ΙΙ
1113 3032 1168 3062 32.
1195 3028 1340 3074 Hospes
1367 3028 1412 3075 Ξ
1438 3028 1503 3073 qui
1525 3031 1530 3073 l
1553 3027 1710 3073 suscipit
1732 3030 1737 3072 Ι
1760 3026 1827 3072 qui
1848 3038 1876 3063 3.
1896 3038 1963 3062 scr.
1993 3065 1995 3071 ,

246 3090 301 3121 33.
336 3087 411 3120 ictu
444 3090 456 3132 u

2016 379 2051 404 20

2016 951 2051 976 25

2016 1666 2050 1692 30
