2216 3402
163 112 221 152 40

614 109 847 145 PLACIDVS
873 107 1128 143 LlssRoRVM
1153 106 1473 143 ROMANORVM

162 222 339 264 Riuales
380 221 456 277 qui
495 220 617 277 quasi
658 220 708 261 de
746 233 832 260 uno
872 232 1018 260 amore
1059 188 1327 272 Simpliciter
1347 217 1534 273 legimus
1557 219 1600 259 et
1621 217 1916 271 supplicanter

222 294 498 336 descendunt.

162 365 396 407 Renidenti
428 364 554 405 uultu
586 362 806 404 interdum
833 362 948 403 laeto
977 364 1020 403 et

179 429 181 431 ¹
221 436 350 478 hilari
383 435 601 477 interdum
636 433 879 489 splendenti
912 433 1019 475 item

223 507 395 549 florenti
408 507 444 548 si
457 506 649 548 dicamus
664 508 782 546 terra
793 504 1019 547 renidenti.

165 579 362 621 Referuit
394 578 553 620 iterum
586 577 781 619 recaluit.

203 708 422 751 INCIPIT
454 708 571 751 PER
607 708 633 751 S
668 708 984 751 LITTERAM.

129 811 144 835 5
168 792 404 836 Scamnum
437 793 641 835 diminuit
673 792 903 834 scabillum
934 807 1021 834 non

225 865 464 908 scabellum
490 867 539 906 ut
561 865 700 907 cicero
723 864 905 906 scabilla
925 879 1022 906 con-

227 939 416 992 crepant.

168 1009 478 1064 Sublinginum
535 1009 729 1050 sonitum
785 1008 1023 1062 pessimum

228 1081 393 1123 dictum
420 1084 486 1122 est
516 1083 559 1122 et
584 1083 815 1121 transonas
842 1080 916 1135 qui
943 1080 1024 1121 sub

225 1153 376 1209 lingua
416 1155 542 1195 sonat
581 1152 705 1207 quasi
750 1166 838 1193 non
880 1153 1024 1193 rectus

228 1228 303 1267 aut
342 1225 483 1266 bonus
518 1224 686 1266 sonitus
721 1225 796 1264 aut
829 1223 1024 1263 submur-

226 1311 334 1338 mur.

170 1368 369 1410 Subleuit
402 1367 627 1409 subiunxit
660 1382 684 1408 a
715 1366 917 1407 liniendo.

170 1438 444 1482 Salsamenta
477 1440 578 1480 sunt
603 1452 752 1479 omnes
785 1452 853 1478 res
887 1437 1025 1478 salsae

227 1514 277 1551 ut
308 1510 448 1565 pisces
477 1513 525 1556 ‚et
558 1510 721 1551 sardae.

171 1582 447 1638 Salsuginem
485 1584 593 1636 puto
631 1580 773 1636 ipsam
813 1595 903 1622 rem
942 1580 1025 1622 dici

230 1668 338 1709 quae
372 1653 478 1696 facit
512 1653 685 1694 salsum.

119 1742 151 1766 ιο
173 1725 353 1768 Sacrum
398 1725 537 1766 media
580 1739 648 1766 res
695 1727 738 1766 et
781 1725 944 1765 bonum
984 1727 1027 1766 et

230 1797 393 1838 malum
430 1811 531 1838 nam
570 1796 753 1837 dicimus
796 1810 917 1837 sacer
961 1798 1028 1837 est

231 1868 274 1909 id
307 1871 373 1910 est
407 1868 536 1910 alicui
570 1882 697 1923 quem
724 1867 926 1909 uolumus
961 1882 1028 1909 ex-

232 1939 367 1981 ecrari
393 1941 468 1980 aut
492 1938 630 1981 occidi
650 1939 764 1980 inter
785 1940 1029 1981 consecrari

232 2010 285 2052 ad
311 2010 475 2052 bonum
507 2012 556 2051 ut
583 2025 705 2052 sacra
732 2010 842 2052 mari
869 2011 1029 2053 colitur

235 2082 375 2123 medio
410 2081 663 2137 gratissima
693 2082 824 2124 tellus
858 2083 910 2124 ad
943 2097 1029 2124 ma-

233 2154 324 2194 lum
357 2152 449 2195 auri
481 2167 604 2194 sacra
634 2152 772 2195 fames
806 2156 850 2196 et
883 2169 1029 2196 sacrae

235 2225 485 2280 panduntur
523 2225 635 2265 unde
675 2227 718 2266 et
756 2224 870 2280 ignis
910 2240 1030 2267 sacer

234 2296 393 2338 dicitur
425 2296 548 2338 ulcus
580 2295 802 2337 horribile.

177 2367 386 2410 Sciscitor
419 2368 602 2409 uerbum
635 2370 701 2409 est
729 2382 954 2409 commune
988 2368 1030 2409 id

235 2442 302 2480 est
353 2438 578 2494 interrogo
629 2439 698 2480 uel
751 2439 858 2480 scire
904 2439 1030 2493 cupio

236 2509 363 2552 aliter
394 2524 481 2551 non
513 2510 707 2552 dicimus.

1119 289 1221 344 quia
1251 289 1431 331 nomina
1464 304 1572 344 quae
1609 289 1655 330 in
1681 289 1728 329 .i.
1757 287 1916 329 finiunt

1117 361 1266 403 datiuo
1311 363 1490 416 accepta
1536 360 1692 402 sillaba
1736 362 1804 401 ter
1847 360 1917 401 ad-

1117 432 1268 474 uerbia
1319 432 1500 475 faciunt.
1567 435 1616 474 ut
1662 431 1917 486 suppliciter

1119 504 1295 560 agiliter
1327 505 1363 546 si
1396 519 1499 546 uero
1533 504 1652 546 dicas
1684 502 1787 544 huic
1821 516 1917 557 sup-

1117 575 1301 630 plicanti
1327 578 1474 631 potest
1500 576 1595 617 fieri
1623 574 1918 630 supplicanter

1117 662 1195 702 pro
1213 647 1409 690 aduerbii
1425 648 1635 703 qualitate
1650 648 1798 702 potest
1813 659 1917 701 ergo

1118 718 1220 760 huic
1258 719 1464 774 precipiti
1502 718 1736 774 precipiter
1776 717 1918 760 facere

1120 790 1242 832 iuxta
1256 791 1452 847 regulam
1466 790 1722 846 suppliciter
1735 790 1807 831 sed
1818 789 1919 844 quia

1122 862 1295 904 eufonia
1321 863 1502 905 offendit
1529 862 1684 904 melius
1711 861 1918 917 praecipi-

1122 936 1266 976 tanter
1287 933 1471 976 dicimus
1495 949 1625 988 quam
1646 933 1917 988 praecipiter.

1065 1005 1310 1061 Spondolus
1333 1008 1400 1047 est
1419 1005 1715 1047 internodium
1736 1005 1780 1046 in
1796 1005 1922 1061 spina

1124 1077 1243 1119 dorsi
1284 1077 1353 1119 uel
1395 1076 1484 1119 imo
1536 1077 1728 1118 eiusdem
1772 1077 1921 1131 spinae

1124 1150 1237 1204 quod
1269 1163 1429 1191 nomen
1457 1151 1523 1190 est
1553 1163 1604 1190 ex
1631 1148 1814 1190 desertis
1847 1149 1921 1190 sed

1123 1236 1174 1262 ex
1212 1220 1468 1277 uulgaribus
1508 1220 1582 1276 qui
1621 1224 1769 1262 tamen
1800 1220 1922 1262 locus

1124 1293 1225 1334 dum
1271 1293 1524 1334 debilitatus
1569 1292 1789 1334 interdum
1833 1292 1922 1333 exit

1125 1366 1168 1405 et
1199 1363 1360 1406 eminet
1393 1366 1547 1404 tumes.

1066 1434 1293 1491 Sapirinus
1327 1435 1558 1477 scribimus
1593 1434 1694 1489 quia
1720 1434 1832 1490 lapis
1860 1450 1923 1476 sa-

1125 1507 1292 1562 pirinos
1326 1507 1497 1549 dicitur.

1067 1577 1298 1635 Suggilare
1320 1582 1387 1620 est
1407 1579 1604 1634 regulam
1625 1578 1923 1634 constringere

1126 1651 1342 1705 quomodo
1395 1650 1578 1692 dicimus
1630 1650 1923 1706 strangullare

1126 1722 1299 1778 suggilo
1346 1723 1539 1764 actiuum
1589 1722 1786 1778 suggilor
1829 1736 1924 1777 pas-

1127 1794 1280 1836 siuum.

1070 1863 1256 1907 Senatus
1297 1881 1408 1907 unus
1455 1868 1498 1907 et
1542 1880 1672 1907 uerus
1718 1880 1924 1907 romanus

1127 1940 1194 1979 est
1215 1922 1246 1978 'a
1274 1940 1495 1980 senectute
1523 1936 1767 1992 appellatus
1805 1951 1829 1978 a
1859 1951 1926 1978 ro-

1126 2009 1244 2050 mulo
1278 2009 1353 2064 qui
1385 2009 1455 2051 uel
1480 2008 1681 2050 fundauit
1707 2008 1777 2050 uel
1805 2008 1926 2050 auxit

1127 2096 1293 2123 romam
1340 2080 1411 2122 hic
1459 2080 1593 2136 elegit
1638 2081 1688 2122 de
1734 2080 1926 2121 exercitu

1129 2167 1207 2195 suo
1243 2153 1433 2194 seniores
1467 2155 1642 2194 centum
1672 2166 1780 2206 quos
1807 2166 1925 2193 sena-

1129 2229 1247 2267 tores
1287 2224 1537 2280 appellauit.
1595 2223 1798 2265 dicuntur
1837 2223 1926 2278 qui—

1129 2297 1226 2338 dem
1277 2299 1320 2338 et
1371 2298 1639 2337 caeterarum
1696 2295 1927 2337 ciuitatum

1130 2371 1352 2410 senatores
1374 2368 1516 2409 curiae
1538 2381 1588 2409 ac
1614 2367 1832 2421 principes
1853 2366 1927 2408 sed

1128 2440 1174 2481 in
1204 2439 1287 2481 hoc
1325 2438 1371 2480 in
1403 2437 1593 2493 antiquis
1632 2453 1719 2480 non
1751 2440 1927 2480 senator

1129 2511 1213 2553 dici
1245 2512 1392 2565 potest
1423 2509 1508 2551 nisi
1536 2509 1610 2564 qui
1641 2509 1687 2550 in
1715 2508 1835 2550 curia
1860 2523 1926 2550 ro-

272 2643 304 2674 2.
333 2638 455 2683 hylari
481 2651 504 2673 a
541 2640 552 2683 ιι
596 2642 626 2674 4.
655 2638 906 2674 INCIPIVNT
932 2652 956 2675 a
1000 2642 1012 2684 ιι
1056 2643 1086 2675 5.
1116 2623 1323 2682 scabssfnum
1348 2650 1423 2674 non
1448 2640 1468 2674 b
1511 2639 1523 2682 ιι
1567 2641 1597 2673 9.
1627 2637 1845 2683 Saluginem
1871 2638 1891 2672 b
1916 2637 1927 2682 ιι

177 2702 231 2733 10.
265 2709 410 2733 sacram
442 2697 537 2733 mari
563 2703 646 2733 mete
672 2710 763 2733 corr.
791 2700 810 2733 b
852 2701 855 2741 ι
895 2698 994 2744 ignis
1022 2710 1126 2733 sacer
1151 2698 1288 2733 dicitur
1314 2710 1341 2734 c.
1393 2697 1491 2744 ignis
1524 2708 1628 2731 sacer
1660 2707 1764 2731 sacer
1790 2696 1928 2731 dicitur

176 2759 227 2793 ab
268 2761 272 2803 Ι
318 2757 451 2792 hulcus
478 2769 496 2793 c
539 2760 550 2800 ΙΙ
595 2761 649 2792 12.
677 2757 941 2803 supplicant..

981 2770 1008 2793 c.
1062 2758 1317 2802 supplicanter
1349 2769 1419 2804 pro
1457 2755 1715 2802 supplicantur
1752 2767 1844 2792 corr.
1871 2757 1891 2792 b
1921 2757 1924 2802 Ι

179 2817 257 2851 fieri
299 2816 554 2862 supplicanter
594 2827 660 2862 pro
701 2817 857 2852 aduerbi
895 2822 979 2853 ante
1001 2833 1004 2835 Α
1023 2828 1110 2862 ergo
1151 2819 1257 2853 iterat
1295 2830 1336 2862 α,
1371 2817 1433 2852 secl
1470 2817 1536 2851 del.
1578 2828 1618 2850 m.
1640 2819 1663 2851 2
1701 2820 1735 2851 et
1773 2816 1924 2851 ‘vacat’

178 2877 324 2911 addidit
346 2878 350 2915 Ι
374 2875 635 2922 supplicantur
660 2888 678 2912 c
700 2879 704 2919 Ι
726 2875 837 2923 hiss'sc
867 2888 937 2922 pro
969 2875 1057 2911 huic
1084 2877 1103 2911 b
1128 2878 1131 2916 Ι
1154 2876 1381 2922 praecipiter
1400 2887 1470 2922 pro
1496 2875 1726 2921 praecipitur
1758 2886 1849 2911 corr.
1871 2876 1891 2910 b
1916 2882 1929 2929 Η

180 2975 233 3006 13.
261 2972 403 3018 tamen]
432 2973 581 3006 tantum
608 2974 627 3008 b
659 2973 670 3016 ΙΙ
710 2976 763 3007 14.
792 2971 972 3007 Safirinus
999 2984 1032 3007 ιι.
1073 2938 1267 3016 Sapirinli'ig
1295 2973 1314 3007 b
1338 2975 1342 3015 ι
1372 2970 1541 3006 safirinos
1568 2984 1591 3006 α
1628 2974 1639 3015 ΙΙ
1680 2974 1734 3006 15.
1761 2971 1926 3005 actiuum

179 3031 214 3066 b¹
236 3041 314 3075 sup.
336 3042 402 3065 scr.
427 3032 431 3074 Ι
454 3031 621 3075 pass-ium
641 3033 681 3067 in
701 3031 895 3077 passiuum
914 3043 1006 3067 corr.
1022 3031 1059 3066 b¹
1079 3032 1091 3075 ss
1113 3034 1166 3066 16.
1195 3030 1408 3077 appellatus
1429 3030 1588 3066 Senatus
1610 3032 1668 3065 est
1687 3041 1710 3065 a
1735 3031 1926 3065 senectute

179 3090 392 3135 appellatus
420 3102 441 3124 a
473 3091 616 3126 romulo
643 3105 682 3127 a:
715 3093 811 3136 item,
836 3094 897 3128 sed
917 3092 1076 3127 Senatus
1100 3112 1139 3115 —
1163 3091 1307 3126 romulo
1334 3093 1375 3127 in
1393 3102 1507 3136 mam.
1530 3092 1560 3126 b.
1589 3090 1802 3136 appellatus
1823 3101 1839 3124 c
1862 3091 1866 3133 Ι
1889 3089 1928 3124 et

1945 1595 1978 1620 15
