2221 3490
626 173 883 211 EXCERPTA
907 173 972 210 EX
998 174 1170 211 CODICE
1197 174 1478 211 CASSINENSI
1506 179 1552 210 90

206 283 371 326 Terane
402 284 524 326 locus
558 286 625 326 est

205 355 410 397 Terretus
442 354 657 398 formatus

206 427 368 468 Teredo
401 426 560 468 uermis
593 427 637 468 in
669 427 788 483 ligno

205 496 427 540 Terrieula
460 497 770 540 diminutiuum

171 569 472 612 5Terminalia
511 584 593 624 que
629 569 675 611 in
712 570 910 611 terminis
949 569 1062 611 loco-

265 656 361 683 rum
398 641 562 683 fiebant
743 641 827 683 scis
866 641 911 682 in
952 640 1062 682 mari

266 712 426 755 animal
458 712 503 753 in
535 712 628 754 luto
658 711 761 754 ordo
795 712 985 754 militum
1018 712 1061 753 in

264 784 441 826 modum
469 797 626 825 corone
653 783 915 826 intrinsecus
936 787 1062 839 terga

263 854 520 896 habentium

203 925 393 969 Testudo
421 925 611 967 densitas
645 940 867 968 remorum
894 929 937 968 et
964 941 1061 968 con-

263 996 431 1053 iugatio
465 999 691 1039 scutorum

203 1070 384 1112 Tessera
417 1068 592 1125 signum
625 1068 815 1110 militum

203 1140 476 1184 Tesserarius
527 1140 802 1195 praepositus
857 1155 1060 1182 curruum

264 1212 337 1268 qui
370 1212 534 1254 bellum
564 1210 739 1254 nuntiat

204 1285 383 1327 Tessere
422 1284 543 1326 lusus
582 1283 731 1325 tabule
774 1282 877 1325 olim
918 1283 1061 1326 iacula

264 1356 518 1398 dicebantur

151 1441 185 1467 10
205 1427 337 1470 Testa
367 1430 500 1482 eaput
531 1427 601 1469 uel
634 1440 711 1468 uas
746 1426 881 1468 fictile

204 1498 382 1541 Tessere
416 1501 518 1540 sunt
550 1498 707 1554 quibus
740 1498 1061 1540 frumentorum

261 1585 467 1613 numerus
500 1571 753 1627 designatur

203 1642 397 1685 Tessella
438 1645 540 1685 sunt
580 1658 601 1685 e
641 1642 798 1698 quibus
841 1641 1062 1684 domicilia

264 1717 518 1757 sternuntur
549 1729 574 1756 a
606 1715 784 1757 tesseris
823 1728 899 1769 per
936 1712 1058 1754 dimi-

261 1786 489 1829 nutionem
531 1787 757 1829 nominata
800 1786 914 1828 idest
959 1800 1059 1840 qua-

264 1858 400 1901 dratis
431 1858 594 1915 lapillis

203 1929 437 1973 Tetraohia
481 1931 615 1973 trium
655 1930 746 1973 fere
785 1928 1059 1972 denariorum

262 2002 309 2044 in
340 2002 525 2059 singulis
558 2002 774 2058 argenteis
807 2001 975 2057 pondus

203 2074 470 2117 Teterrimus
513 2089 592 2130 pro
636 2073 728 2116 fero
768 2073 952 2116 nimium
991 2087 1060 2114 ue-

263 2149 377 2189 teres
417 2148 581 2188 tetrum
611 2161 691 2202 pro
731 2146 824 2188 fero
857 2145 1059 2187 dixerunt

264 2218 416 2260 ennius
447 2221 586 2261 tetros
625 2218 880 2273 elephantos
914 2217 966 2259 ad
998 2217 1060 2258 in-

264 2290 440 2346 guinem

152 2373 185 2399 15
204 2361 364 2417 Tempe
398 2361 606 2417 oppidum
638 2360 886 2415 macedonie

202 2433 389 2476 Teutoni
422 2433 576 2475 cimbri
610 2431 717 2489 galli

202 2505 357 2548 Thecis
389 2504 682 2560 positionibus
714 2503 887 2560 uaginis

202 2576 572 2619 Thermodontem
603 2576 765 2618 flumen
797 2575 1058 2631 cappadocie

203 2647 478 2703 Thermopile
512 2647 649 2702 cripte
681 2647 900 2701 ualnearie

150 2731 184 2756 20
203 2719 422 2762 Thecnam
472 2720 620 2762 fucum
669 2719 816 2760 dolum
863 2718 1059 2760 fraudem

260 2806 489 2847 perperam

203 2863 356 2906 Treuir
387 2863 549 2919 gentile
581 2877 740 2905 nomen
770 2864 836 2904 est
867 2862 980 2905 idest
1006 2862 1057 2904 de

263 2934 339 2977 illa
371 2938 498 2991 gente

203 3005 362 3048 Treuia
385 3006 499 3062 quod
524 3009 613 3049 tres
639 3005 709 3061 uie
735 3005 782 3048 in
805 3021 940 3048 unum
960 3020 1059 3048 con-

263 3077 440 3120 ueniant

203 3149 359 3205 Treuie
383 3148 645 3206 'proserpina

1870 177 1953 218 581

1101 282 1301 325 Trebulis
1335 285 1518 327 curiales

1100 354 1330 397 Tremissis
1359 357 1470 412 quod
1504 357 1690 399 solidum
1721 355 1855 398 faciat
1887 359 1953 398 ter
1975 368 2007 393 25

1160 426 1319 468 missus

1100 497 1254 539 Tiasus
1287 498 1444 540 chorus
1477 498 1605 541 liberi
1637 499 1776 554 patris

1100 568 1280 610 Tiasum
1313 584 1486 611 sacrum

1100 639 1258 681 Tiburs
1291 641 1454 695 gentile
1486 656 1646 684 nomen
1677 646 1743 684 est

1100 710 1397 753 Tifucaribdes
1431 713 1648 768 principes

1099 782 1331 838 Tignarius
1366 783 1440 838 qui
1473 786 1589 826 tecta
1621 784 1756 840 tignis
1790 785 1902 841 tegit
1976 797 2010 823 30

1100 853 1210 895 Thia
1241 854 1304 895 tia
1336 868 1459 896 soror
1491 856 1627 910 patris
1662 859 1737 898 aut
1771 857 1923 898 matris

1099 925 1259 967 Thiara
1290 926 1445 981 pillum
1477 926 1710 982 frigiorum

1099 997 1256 1039 Thiare
1282 996 1403 1052 pillei
1429 998 1498 1040 uel
1531 998 1681 1041 friboli
1708 1014 1791 1055 quo
1819 1000 1954 1055 friges

1158 1071 1342 1111 utuntur

1098 1140 1282 1182 Thiasos
1316 1140 1564 1184 saltationis
1598 1142 1776 1184 choreas

1099 1212 1329 1254 Thimelici
1362 1212 1559 1255 iocularii
1592 1214 1755 1256 mimici
1782 1214 1852 1255 uel
1880 1213 1953 1268 qui
1974 1222 2009 1248 35

1158 1284 1203 1324 in
1236 1285 1483 1338 spectaculo
1517 1286 1672 1328 ludunt

1098 1354 1241 1397 Thinx
1276 1355 1454 1398 donatio

1099 1427 1326 1468 Timedum
1359 1427 1521 1469 animal
1554 1428 1770 1470 marinum

1099 1498 1270 1540 Timaui
1302 1513 1460 1540 nomen
1491 1499 1612 1541 fluuii

1098 1570 1237 1613 Titari
1268 1570 1395 1626 proni

1098 1642 1243 1684 Tition
1277 1643 1432 1699 gigans
1465 1643 1535 1685 uel
1569 1642 1727 1685 fluuius
1760 1643 1917 1685 inferni
1974 1653 2009 1679 40

1099 1715 1264 1756 Titirus
1291 1715 1490 1756 laconum
1514 1714 1664 1770 lingua
1685 1715 1794 1756 aries
1816 1715 1954 1757 maior

1159 1787 1232 1842 qui
1265 1800 1443 1842 gregem
1475 1784 1640 1827 anteire
1673 1786 1901 1829 consueuit

1097 1858 1277 1900 Trinina
1295 1857 1508 1899 triennem
1537 1856 1625 1913 (em
1641 1873 1717 1912 pro
1740 1873 1810 1900 am
1833 1857 1954 1916 corr.)

1097 1930 1334 1972 Triumuiri
1378 1929 1424 1970 in
1469 1929 1725 1972 deducendis
1773 1930 1954 1972 coloniis

1159 2002 1233 2057 qui
1264 2016 1341 2057 per
1373 2000 1608 2043 triennium
1647 2001 1955 2058 magistratum

1157 2073 1370 2115 haberent
1403 2073 1538 2114 creati

1097 2145 1253 2187 Triton
1298 2145 1401 2187 deus
1446 2145 1638 2187 marinus
1684 2144 1865 2199 neptuni
1911 2147 1954 2186 et

1158 2216 1412 2272 amphitrite
1443 2216 1559 2258 filius

1097 2288 1248 2330 Trium
1273 2287 1358 2329 uiri
1384 2288 1576 2330 ministri
1602 2288 1655 2330 ad
1681 2288 1859 2330 colonos
1887 2288 1954 2329 de·
1973 2298 2007 2322 425

1157 2359 1373 2402 ducendos

1097 2431 1294 2474 Triboles
1329 2429 1514 2473 curiales

1097 2503 1255 2546 Triarii
1286 2502 1523 2558 portitores
1564 2501 1788 2558 signorum
1820 2501 1952 2544 tertio

1157 2576 1251 2618 loco
1284 2573 1570 2616 inexercitum

1096 2647 1351 2701 Tricaptum
1369 2644 1706 2688 subtilissimum
1720 2645 1950 2687 uestimen-

1156 2721 1249 2759 tum
1282 2718 1334 2759 ad
1366 2717 1506 2759 instar
1539 2716 1795 2772 capillorum

1097 2788 1403 2844 Trismastigia
1434 2787 1571 2830 tritile

1097 2861 1251 2905 Trizen
1282 2874 1441 2902 nomen
1472 2859 1698 2915 proprium
1729 2859 1800 2901 uel
1839 2873 1951 2900 mur·
1971 2869 2004 2895 50

1155 2946 1332 2975 murans

1095 3005 1272 3047 Triarus
1304 3003 1526 3045 maleficus

1095 3074 1390 3130 Triumphalis
1423 3073 1571 3131 gaudii
1603 3073 1693 3116 dies

1095 3147 1218 3204 Toga
1258 3148 1484 3203 praetexta
1525 3161 1606 3202 que
1651 3145 1851 3189 insenatu
1889 3146 1947 3188 in·
