2175 3428
677 107 933 143 EXCERPTA
960 107 1024 142 EX
1050 107 1194 144 LIBRO
1222 109 1514 145 GLOSSARVM
1889 110 1970 152 1ἶ7

217 214 372 258 Celeus
405 231 481 258 rex
513 217 630 259 eleus
658 218 786 260 ineob
817 218 932 274 quod
965 233 1076 260 cere·
1115 219 1269 262 Ceruci
1301 220 1439 262 lineae
1473 220 1518 262 in
1551 221 1665 263 malo
1698 221 1823 275 nauis

277 303 368 330 rem
402 288 650 344 ospitaliter
676 290 916 345 accepisset
947 305 1075 332 usum
1113 290 1268 334 Ceruci
1293 292 1409 334 linea
1435 292 1512 334 illa
1537 296 1582 334 at
1605 293 1691 348 q’ua
1715 293 1762 335 in
1786 294 1972 335 nauibus

274 359 366 402 uini
400 353 508 403 abea
540 360 741 403 didicisse
773 361 914 403 fertur
1172 364 1270 405 uela
1303 364 1626 419 suspenduntur
1660 367 1710 406 ut
1747 365 1843 419 ipsa
1875 365 1973 406 uela

215 430 408 474 Celidres
442 436 666 488 serpentes
1113 432 1326 477 Ceruerus
1359 436 1477 478 canis
1509 435 1633 478 horci
1667 437 1741 491 qui
1774 439 1880 492 aput
1912 437 1973 478 111-

213 501 397 546 Celidris
431 503 707 560 serpentibus
1171 506 1286 548 feros
1309 507 1492 563 stigium
1508 507 1725 550 custodire
1746 508 1972 550 dicebatur

213 573 397 618 Celidris
426 577 549 631 quasi
576 575 748 618 celidris
775 575 819 616 id
841 578 908 617 est
929 579 1071 618 aterra
1170 578 1317 620 fauces
1340 594 1438 621 eum
1463 579 1669 622 habuisse
1697 580 1852 622 scribit
1878 595 1972 621 uer-

271 650 315 689 et
347 663 459 702 aqua
1170 651 1301 705 gilius

174 736 190 761 5
211 717 357 761 Celius
384 722 622 774 tuquorum
647 719 800 779 lingua
823 721 1071 775 september
1110 719 1316 764 Ceruesia
1347 737 1483 778 genus
1516 724 1662 778 potius

269 791 431 832 mensis
465 791 624 833 dicitur
657 790 737 848 (Bc)
1109 791 1314 836 Ceruesia
1351 794 1443 836 uini
1482 809 1619 851 genus
1659 810 1710 837 ex
1750 797 1969 840 frumento
1992 811 2007 835 Ξ

209 860 453 905 Centaurus
508 864 651 905 bestia
707 864 874 906 medius
933 879 1069 919 equus
1110 864 1269 907 Ceruix
1294 865 1397 907 dum
1424 866 1636 922 singulari
1662 883 1843 911 numero
1870 870 1972 912 dici-

268 926 435 978 medius
489 936 620 978 homo
678 937 750 978 sed
808 935 892 978 hoc
941 940 1070 991 poete
1169 940 1241 978 tur
1262 937 1483 993 significat
1503 938 1665 980 collum
1686 939 1788 982 dum
1810 942 1970 996 plurali

267 1007 442 1064 fingunt
746 1032 760 1046 .
1169 1008 1420 1064 superbiam
1446 1013 1496 1051 ut
1523 1010 1662 1053 cicero
1689 1012 1735 1053 in
1761 1027 1970 1055 uaronem

207 1078 472 1123 Cenulentus
505 1083 742 1123 renouatus
1164 1084 1413 1136 praetorem
1460 1086 1537 1124 tua
1579 1098 1730 1125 causas
1777 1085 1966 1127 ceruices

206 1151 402 1195 Cennum
434 1156 611 1195 acutum
645 1152 746 1207 quia
778 1151 947 1206 antiqui
974 1166 1068 1193 cen-
1164 1153 1365 1210 frangere
1398 1157 1442 1196 et
1475 1155 1725 1209 superbiam
1756 1156 1965 1199 inclinare

263 1240 369 1266 num
401 1224 605 1267 dicebant
1105 1224 1256 1268 Ceruis
1289 1229 1447 1269 uocata
1479 1227 1594 1282 quod
1626 1242 1702 1282 per
1735 1243 1830 1270 eam
1871 1244 1966 1283 par-

205 1294 351 1351 Cephe
384 1297 578 1352 cepullae
1164 1301 1254 1340 tem
1311 1298 1568 1341 cherebrum
1619 1299 1674 1341 ad
1730 1299 1965 1342 medullam

152 1385 185 1410 10
205 1366 444 1410 Ceraunius
483 1368 595 1424 lapis
640 1368 867 1410 flammeus
907 1367 1064 1409 similis
1164 1370 1286 1424 spine
1308 1370 1525 1427 dirigatur
1546 1371 1670 1426 quasi
1694 1371 1965 1413 cherebribia

262 1441 448 1496 hispano
479 1455 581 1482 nam
615 1443 660 1481 et
690 1440 925 1496 hispanum
960 1440 1066 1495 lapi-
1165 1442 1325 1483 ueteris
1377 1445 1524 1484 autem
1574 1443 1734 1497 plurali
1791 1446 1964 1485 tantum

263 1513 361 1555 dem
419 1512 587 1568 antiqui
639 1512 890 1555 ceraunium
942 1526 1065 1554 uoca-
1162 1529 1343 1556 numero
1377 1515 1566 1557 ceruices
1606 1515 1810 1557 dicebant
1842 1516 1962 1570 prius

262 1585 422 1627 berunt
454 1600 480 1626 a
512 1585 655 1628 calore
1163 1586 1381 1628 ostensius
1427 1587 1641 1629 ceruicem
1680 1587 1964 1643 singulariter

204 1656 379 1700 Cereale
412 1672 605 1713 papauer
633 1656 735 1711 quia
766 1657 948 1713 longum
980 1657 1064 1699 hoc
1164 1658 1274 1699 dixit

264 1730 361 1772 cibo
393 1729 603 1770 ieiunium
636 1743 754 1770 cerer
787 1729 922 1771 soluit
1104 1728 1263 1771 Ceruix
1319 1733 1465 1773 autem
1516 1745 1696 1773 numero
1750 1731 1962 1787 singulari

203 1801 381 1845 Cereale
415 1801 556 1843 solum
583 1803 777 1843 crustam
804 1816 856 1842 ex
881 1800 994 1842 ferre
1022 1800 1064 1841 id
1164 1802 1406 1843 membrum
1440 1802 1584 1857 ipsum
1618 1802 1839 1858 significat
1862 1818 1964 1845 nam

262 1877 330 1916 est
360 1888 555 1915 mensam
1162 1873 1392 1928 pluraliter
1443 1874 1817 1916 contumationem
1863 1890 1962 1930 sepe

202 1946 435 1990 Cerearma
464 1946 758 1987 instrumenta
787 1944 973 1999 pistoria
1161 1945 1434 1987 demonstrat
1491 1961 1644 2001 cycero
1699 1947 1743 1988 in
1799 1947 1962 1989 uerinis

203 2017 429 2061 Cereasius
455 2016 605 2073 pigtor
833 2027 838 2033 ·
1160 2020 1395 2074 pretorem·
1432 2020 1481 2060 tu
1531 2033 1708 2061 accusas
1760 2019 1962 2076 frangere

149 2105 182 2130 15
203 2090 478 2133 Cerebellum
511 2089 769 2131 cherebrum
1163 2089 1353 2131 ceruices

201 2161 403 2205 Cererem
448 2163 700 2216 corruptam
744 2159 965 2202 frumenta
1002 2160 1062 2202 ui-
1101 2159 1282 2203 Cessare
1321 2175 1467 2203 cessus
1506 2175 1600 2203 esse
1642 2163 1846 2219 Uirgilius
1879 2165 1963 2206 etsi

259 2235 372 2276 tiata
1162 2233 1266 2288 quid
1300 2247 1470 2275 cessare
1502 2236 1626 2288 potes

201 2305 330 2349 Ceres
362 2307 442 2348 dea
468 2320 550 2361 que
576 2305 845 2347 frumentum
871 2304 1064 2359 repperit
1102 2303 1323 2347 Cesar-iem
1362 2320 1531 2347 comam
1574 2306 1686 2348 unde
1725 2310 1769 2349 et
1811 2313 1961 2350 omnes

262 2394 344 2434 que
379 2393 403 2419 a
435 2376 576 2434 grecis
609 2378 805 2419 demetra
836 2375 997 2418 dicitur
1159 2377 1431 2433 inperatores
1472 2378 1642 2433 antiqui
1676 2379 1750 2434 qui
1792 2395 1960 2422 cesares

202 2448 404 2492 Cerniclu
437 2449 666 2491 cribellum
699 2449 753 2490 ad
783 2448 947 2504 polline
1160 2448 1265 2492 dicti
1297 2452 1399 2491 sunt
1432 2450 1546 2504 quod
1580 2451 1715 2492 comti
1747 2455 1894 2494 essent

203 2521 397 2564 Cernuus
427 2535 612 2577 magnus
640 2521 839 2563 infinitus
866 2520 1062 2563 excelsus
1100 2519 1250 2563 Cessio
1289 2521 1429 2563 multa
1467 2536 1552 2576 qua
1590 2522 1749 2564 citatos
1793 2524 1829 2565 si
1873 2538 1961 2565 non

262 2609 360 2636 acer
1135 2593 1352 2648 ,pondera
1383 2608 1536 2635 censos
1569 2593 1771 2636 afficieba

149 2681 183 2705 20
203 2663 356 2707 Ceruci
387 2665 503 2707 linea
534 2665 585 2707 de
619 2665 774 2708 arbore
805 2665 931 2707 nauis
1099 2663 1299 2719 Cespitat
1332 2664 1448 2706 cadit

323 2809 354 2841 1.
387 2805 546 2841 celerem
582 2808 594 2851 ΙΙ
632 2810 664 2842 4.
699 2818 721 2841 a
753 2818 819 2841 om.
858 2808 870 2852 ΙΙ
911 2812 964 2842 10.
995 2806 1172 2852 ispanum
1201 2808 1204 2849 Ι
1243 2807 1476 2840 uocauerunt
1513 2809 1524 2851 ΙΙ
1563 2811 1617 2842 155.
1652 2807 1822 2842 Cerealia
1855 2818 1961 2843 arma

201 2864 360 2910 pistoria
378 2867 390 2910 ΙΙ
412 2868 465 2900 14.
492 2865 614 2910 pictor
632 2867 644 2911 ΙΙ
666 2869 719 2901 15.
747 2866 940 2901 cerebrum
958 2868 970 2912 ΙΙ
994 2870 1045 2902 16.
1073 2866 1216 2901 uiciata
1235 2867 1247 2910 ΙΙ
1274 2869 1329 2900 18.
1357 2865 1521 2910 apolline
1542 2867 1553 2909 ΙΙ
1579 2870 1634 2900 22.
1663 2867 1712 2901 ad
1732 2869 1743 2912 ΙΙ
1763 2871 1818 2902 23.
1847 2868 1923 2902 orci
1953 2868 1956 2915 Ι

203 2925 304 2970 apud
328 2925 339 2969 ΙΙ
371 2927 428 2960 24.
454 2925 620 2969 pot-ionis
645 2927 656 2969 ΙΙ
688 2928 743 2960 26.
771 2925 1057 2971 pluralibusque
1084 2926 1187 2960 uiam
1213 2926 1256 2958 ut
1277 2927 1281 2966 Ι
1305 2936 1435 2959 cussus
1459 2927 1462 2970 Ι
1486 2925 1701 2970 superuiam
1729 2929 1740 2970 ΙΙ
1772 2929 1827 2961 27.
1855 2926 1960 2962 here-

202 2985 310 3019 brum
333 2988 350 3030 Ιἱ
367 2983 576 3019 cerebribia
610 2984 614 3031 Ι
642 2986 789 3020 ueteres
824 2986 828 3032 Ι
857 2986 1042 3021 ortensius
1066 2989 1070 3031 Ι
1098 2985 1183 3020 isid.
1210 2985 1286 3019 cod.
1325 2986 1336 3029 ΙΙ
1375 2987 1430 3018 28.
1459 2984 1733 3019 contumatium
1767 2987 1772 3030 Ι
1808 2986 1960 3021 demon-

203 3046 326 3079 strant
347 3048 352 3087 1
375 3043 459 3078 isid.
487 3045 562 3079 cod.
583 3045 595 3089 ΙΙ
614 3047 670 3080 29.
698 3044 858 3080 Caesare
882 3047 925 3081 in
949 3057 1022 3082 ras.
1050 3058 1094 3082 m.
1111 3049 1133 3080 4
1156 3047 1160 3091 Ι
1190 3055 1314 3080 cessas
1337 3045 1342 3089 Ι
1366 3054 1492 3078 cesare
1511 3044 1523 3088 ΙΙ
1543 3049 1598 3080 30.
1626 3044 1806 3091 Caesa(m.
1822 3046 1961 3093 4)riem

203 3105 261 3150 (m.
277 3106 313 3150 1)
348 3104 353 3153 Ι
388 3114 516 3140 omnes
546 3106 558 3150 ΙΙ

274 3171 363 3203 Coi-p.
383 3171 474 3204 gloss.
494 3170 546 3197 lat.
566 3171 638 3197 tom.
659 3171 693 3197 V.
1627 3168 1669 3199 12

1982 2321 2017 2346 30
