2216 3402
194 127 260 161 XII
925 123 1199 159 PRAEFATIO

194 237 307 277 inter
340 236 519 289 Isiyem'a
549 249 664 277 soror
697 237 739 275 ct
772 234 966 275 Lacertus
998 233 1181 274 bracium
1214 229 1400 275 desunt.'
1425 233 1657 276 Praeterea
1689 234 1794 276 folia
1830 236 1940 278 1——3

196 307 314 349 vario
362 307 487 348 modo
527 306 593 347 vel
633 305 835 346 mutilata
872 305 939 345 vel
980 304 1090 346 male
1129 304 1281 346 habita
1320 308 1433 346 sunt.
1495 305 1615 347 Idem
1655 305 1705 346 de
1744 305 1850 348 folio
1884 307 1940 348 22

195 379 433 420 dicendum.
495 376 773 418 Involucrum
815 376 928 430 quod
968 375 1100 417 codex
1137 391 1250 418 nunc
1286 376 1420 418 habet
1453 377 1831 418 membranaceum
1864 379 1941 431 est,

193 450 237 491 in
289 464 372 504 quo
419 447 601 503 vestigia
652 447 892 502 scripturae
944 446 997 487 ad
1052 460 1159 501 opus
1204 447 1458 502 liturgicum
1502 451 1551 489 ut
1597 448 1777 489 videtur.
1810 447 1940 502 perti-

194 521 336 562 nentis
371 520 603 574 conspicua
636 521 748 559 sunt.
806 517 1099 572 Agglutinata
1130 520 1197 559 est
1231 517 1396 560 scidula
1428 519 1666 560 chartacea*
1689 519 1734 560 in
1768 533 1853 573 qua
1884 533 1940 560 m.

193 606 300 633 saec.
327 590 477 631 XVIII
511 589 686 643 scripsit
714 586 1137 630 VOCABVLARIO
1167 587 1392 632 GOTIOO.
1432 589 1595 631 Eadem
1629 605 1683 631 m.
1714 590 1759 631 in
1789 589 1863 631 fol.
1884 591 1940 631 22

194 662 379 718 margini
413 659 887 703 VOCABVLARIVM
926 659 1160 714 inscripsit.
1226 659 1450 715 Scriptura
1488 662 1532 702 in
1577 662 1681 703 duas
1715 648 1938 703 columnas

193 734 422 788 dispertita
449 735 514 773 est
541 746 742 773 versuum
770 731 1094 787 quadragenum
1128 733 1312 772 ternum.
1364 731 1563 774 Correxit
1596 732 1756 773 librum
1788 746 1940 773 manus

193 820 361 859 coaeva,
396 819 525 859 quam
558 803 729 858 saepius
763 802 938 844 difficile
972 817 997 844 a
1029 802 1171 857 prima
1203 817 1333 843 manu
1366 803 1594 845 discernas.
1636 801 1837 845 Codicem
1869 803 1939 844 de·
2006 811 2012 815 ’

193 876 367 932 scripsit
400 877 597 917 accurate
631 875 680 916 de
714 875 954 928 scripturae
989 887 1144 928 genere
1177 876 1369 915 tractans
1408 873 1691 915 LEopoLDvs
1732 874 1938 916 DELISLE

192 948 430 1002 ‘Melanges
457 946 507 987 de
534 944 848 1001 Pale'ographie
875 948 918 986 et
945 944 995 985 de
1025 943 1362 1000 bibliographie’
1391 944 1545 999 (Paris,
1567 961 1602 987 a.
1627 946 1759 999 1880)
1780 962 1820 1001 p.
1848 947 1940 1001 180,

192 1019 266 1061 ubi
305 1019 355 1060 de
394 1018 536 1072 patria
574 1016 676 1058 libri
713 1016 819 1058 haec
858 1015 1156 1071 proferuntur:
1202 1014 1590 1058 ‘Saint-Sebastien
1626 1033 1682 1059 ou
1715 1016 1942 1059 Saint-Do-
1994 1008 1997 1009 ⁷

192 1090 383 1145 minique
423 1089 472 1130 de
514 1088 645 1142 Silos,
684 1089 850 1142 abbaye
890 1088 961 1129 des
1002 1087 1202 1129 environs
1241 1088 1292 1129 de
1325 1087 1496 1143 Burgos
1538 1089 1611 1142 qui
1642 1089 1786 1143 parait
1819 1089 1941 1131 avoir

192 1165 258 1203 ete
291 1177 350 1203 un
381 1161 503 1216 foyer
535 1160 754 1202 d'activite
781 1159 994 1201 litteraire
1022 1161 1145 1214 apres
1176 1160 1219 1200 la
1244 1160 1430 1202 reforme
1458 1159 1563 1201 dont
1590 1160 1670 1201 elle
1697 1159 1766 1201 fut
1791 1159 1941 1215 l'objet

193 1249 246 1275 au
278 1231 427 1274 milieu
460 1233 515 1273 du
547 1231 608 1273 XI
643 1230 799 1273 siecle.⁹
864 1229 925 1272 Cf.
960 1229 1092 1271 etiam
1126 1229 1381 1287 ‘Catalogue
1415 1231 1465 1272 de
1497 1231 1628 1273 livres
1661 1245 1779 1272 rares
1813 1233 1857 1272 et
1888 1231 1939 1272 de

193 1319 310 1360 mss„
347 1304 494 1359 redige
531 1318 610 1358 par
648 1302 706 1344 M.
733 1300 1228 1349 Bachelin-Defiorenne.
1278 1302 1402 1344 Paris
1439 1302 1579 1345 1878?
1641 1302 1940 1358 Apographon

194 1391 244 1418 ex
275 1377 357 1418 hoc
392 1376 536 1417 codice
570 1374 757 1416 confecit
784 1373 1188 1427 GVNDERMANNVS,
1221 1375 1335 1429 quod
1361 1390 1459 1417 cum
1485 1374 1581 1429 ipso
1610 1374 1754 1416 codice
1779 1373 1940 1415 iterum

190 1447 236 1488 in
268 1447 350 1488 hac
383 1447 488 1488 urbe
522 1445 716 1488 conferre
749 1445 884 1500 potui.

309 1518 520 1572 Triplex
551 1516 680 1558 huius
715 1516 916 1572 glossarii
950 1517 1133 1558 materia
1160 1520 1246 1558 est:
1278 1517 1499 1571 primum
1526 1531 1661 1572 genus
1691 1516 1939 1572 glossarum

192 1590 316 1632 fluxit
354 1605 405 1631 ex
445 1589 658 1645 glossario
700 1589 811 1643 quod
852 1588 905 1629 ab
943 1589 1148 1630 Abstrusa
1184 1588 1339 1643 incipit
1378 1587 1441 1643 (C.
1470 1587 1519 1630 G.
1547 1587 1593 1629 L.
1627 1587 1689 1629 IV
1724 1603 1764 1642 p.
1792 1587 1938 1642 3sqq.:

191 1661 243 1703 cf.
275 1660 410 1716 praef.
443 1660 633 1701 eiusdem
674 1659 907 1701 voluminis
941 1674 979 1713 p.
1006 1658 1111 1701 XIV
1143 1661 1168 1711 ξ
1199 1658 1290 1715 10),
1331 1659 1558 1701 alterum
1601 1673 1736 1715 genus
1770 1658 1939 1714 glossas

190 1733 305 1774 haud
326 1732 522 1773 indoctas
551 1730 827 1786 amplectitur
848 1731 1112 1785 scriptorum
1132 1731 1239 1772 locis
1259 1730 1494 1781 notabiles,
1519 1730 1736 1771 tertium
1756 1729 1939 1784 denique

193 1804 363 1860 glossae
403 1802 679 1844 Placideae
718 1805 830 1843 sunt.
893 1801 957 1843 De
996 1802 1137 1857 primo
1176 1816 1333 1857 genere
1371 1816 1459 1843 non
1497 1804 1563 1843 est
1605 1801 1719 1856 quod
1751 1800 1937 1855 amplius

193 1890 390 1931 agamus3
433 1875 483 1915 de
517 1875 652 1915 altero
687 1888 843 1929 genere
876 1873 1135 1915 conferenda
1168 1876 1269 1915 sunt
1303 1888 1411 1928 quae
1445 1873 1625 1928 exposui
1657 1873 1701 1913 in
1734 1871 1826 1913 Ind.
1852 1871 1938 1913 Ien.

192 1963 227 1988 a.
247 1947 357 1988 1888
373 1962 411 2001 p.
426 1945 632 2000 VIquq.
649 1948 691 1986 et
712 1945 802 1986 eder
817 1944 948 1986 Liber
964 1944 1119 1987 Gloss?
1140 1945 1244 2000 1263
1268 1944 1392 1999 [273]
1410 1960 1520 2000 sqq.3
1545 1943 1747 1985 Placidi
1768 1943 1939 1998 glossae

193 2019 245 2060 ad
279 2018 501 2073 alphabeti
535 2016 793 2058 severiorem
829 2016 1023 2057 ordinem
1055 2016 1292 2070 dispositae
1329 2041 1378 2045 -—
1415 2018 1586 2070 praeter
1610 2016 1797 2070 primam
1823 2014 1939 2055 enim

191 2089 385 2130 litteram
430 2088 562 2130 etiam
608 2088 791 2129 alteram
835 2087 1024 2141 respexit
1045 2087 1140 2141 ·qui
1180 2086 1394 2141 excerpsit
1436 2111 1484 2114 —
1527 2086 1708 2127 haustae
1748 2088 1850 2126 sunt
1888 2069 1943 2126 ex

193 2160 475 2215 exemplari
508 2159 744 2214 pleniore
773 2173 921 2213 quam
949 2158 1285 2212 archetypum
1313 2157 1657 2199 Romanorum
1683 2156 1938 2198 librorum

192 2231 289 2285 fuit,
322 2231 572 2286 ceteroquin
611 2245 748 2284 neque
788 2229 935 2270 ordine
974 2229 1143 2270 diverso
1181 2243 1319 2282 neque
1353 2229 1537 2270 materia
1569 2229 1675 2283 ipsa.
1739 2226 1937 2269 Severior

193 2303 307 2344 enim
330 2301 553 2356 alphabeti
574 2302 678 2343 ordo
708 2301 771 2342 ita
797 2301 969 2341 demum
996 2300 1173 2341 effectus
1201 2302 1278 2354 est,
1305 2302 1353 2341 ut
1380 2302 1605 2354 excerptor
1631 2300 1676 2341 in
1703 2299 1852 2340 littera
1872 2298 1937 2352 M,

194 2377 243 2415 ut
270 2389 355 2415 uno
382 2376 481 2414 utar
509 2373 716 2427 exemplo,
743 2371 931 2426 primum
960 2371 1129 2426 glossas
1157 2371 1468 2413 transcriberet
1487 2371 1540 2412 ab
1563 2371 1648 2412 Ma
1668 2369 1936 2424 incipientes,

194 2445 315 2499 sequi
348 2445 517 2485 iuberet
549 2444 632 2494 Me,
664 2443 744 2498 Mi,
777 2443 864 2495 Mo,
895 2443 993 2484 Mu:
1026 2441 1139 2483 unde
1173 2442 1302 2484 simul
1334 2441 1486 2496 elucet,
1520 2457 1591 2483 eas
1620 2441 1789 2497 glossas
1817 2437 1964 2494 quaes

193 2531 290 2558 cum
318 2517 359 2556 in
394 2515 517 2556 libris
551 2513 760 2556 Romanis
792 2528 880 2554 non
912 2515 1095 2567 exstent,
1127 2513 1171 2554 in
1202 2513 1310 2568 ipsis
1343 2514 1431 2555 illis
1465 2513 1687 2555 ordinibus
1719 2512 1937 2568 leguntur,

193 2601 278 2629 non
310 2585 607 2640 interpolatas,
640 2585 713 2626 sed
746 2599 796 2626 ex
831 2585 979 2626 eodem
1013 2599 1110 2626 cum
1139 2585 1291 2626 ceteris
1318 2584 1439 2626 fonte
1466 2584 1656 2638 pleniore
1682 2582 1936 2638 repetendas

193 2672 297 2700 esse.
360 2657 540 2699 Accedit
579 2657 692 2710 quod
731 2655 869 2697 liber
907 2655 1223 2710 glossarum,
1261 2656 1311 2697 de
1345 2670 1429 2710 quo
1462 2670 1562 2697 mox
1594 2658 1760 2710 agetur,
1793 2653 1933 2695 multa

192 2730 348 2771 horum
386 2728 781 2769 additamentorum
818 2726 1033 2768 Placido
1073 2727 1231 2768 diserte
1273 2727 1491 2768 adscribit.
1555 2725 1678 2774 Quod
1717 2739 1813 2767 cum
1845 2738 1937 2779 per-

195 2801 448 2855 spexissem,
487 2813 574 2840 non
611 2798 737 2852 potui
776 2797 882 2838 satis
921 2798 1079 2839 habere
1121 2812 1171 2838 ex
1202 2797 1285 2839 hoc
1316 2797 1428 2838 libro
1462 2797 1632 2851 glossas
1666 2795 1936 2837 Placideas

195 2871 490 2925 exscripsisse.
528 2873 578 2910 ut
617 2870 669 2910 ad
708 2868 1051 2910 emendationem
1092 2868 1358 2909 adhiberem:
1403 2867 1536 2909 immo
1576 2867 1667 2922 ipse
1707 2866 1810 2908 ordo
1843 2879 1936 2920 pro-

193 2942 414 2997 ponendus
465 2941 559 2981 fuit.
627 2939 778 2994 Itaque
828 2931 1049 2994 integrum
1099 2939 1275 2980 exhibui
1320 2938 1604 2994 glossarium,
1656 2938 1729 2979 sed
1771 2940 1821 2978 ut
1864 2951 1936 2978 eas

195 3013 365 3069 glossas
417 3026 522 3066 quas
566 3010 765 3052 Placidi
812 3024 904 3051 esse
957 3010 1045 3051 sive
1096 3010 1220 3051 libri
1263 3009 1479 3051 Romani
1527 3023 1613 3050 una
1657 3023 1754 3050 cum
1797 3008 1934 3050 libro

197 3085 488 3141 glossarum
515 3082 602 3123 sive
637 3081 768 3123 libri
801 3081 1016 3123 Romani
1049 3081 1147 3122 soli
1181 3081 1271 3122 sive
1303 3080 1447 3123 solus
1479 3079 1612 3121 liber
1644 3079 1935 3135 glossarum
