2221 3490
171 117 258 158 551)

171 224 347 267 Canalis
380 223 578 266 feminini
612 221 782 278 generis

172 297 410 340 Calamitas
439 294 615 336 miseria
643 309 822 336 erumna
849 293 1031 336 aduersa

172 368 291 412 Caua
321 382 407 410 nox
438 367 553 409 idest
586 366 770 408 obscura

173 440 327 483 Caicus
360 438 519 481 fluuius
553 438 677 481 misie

138 512 389 555 :·›Ca1·basus
437 525 574 567 genus
616 510 726 566 ligni
769 526 845 552 seu
887 510 1032 552 uelum

130 583 133 586 ⁴
231 587 275 626 et
301 586 369 627 est
394 584 441 626 in
467 583 682 639 singulari
715 596 896 624 numero
923 597 1034 624 mas-

232 656 365 699 culini
406 655 578 711 generis
612 657 655 696 et
692 654 738 696 iu
776 654 936 710 plurali
977 653 1034 695 fe—

232 727 387 769 minini

172 799 307 842 Caulo
341 813 466 841 mons
500 798 687 841 calabrie

173 871 349 914 Calacte
386 871 542 914 ciuitas

173 944 420 988 Caduceum
445 944 571 1000 uirga
597 942 800 1000 legatarii
828 957 940 998 aquo
970 958 1035 984 ca-

234 1017 488 1059 duceatores
521 1016 725 1058 dicuntur

174 1089 365 1145 Capulus
397 1087 608 1130 feretrum

123 1175 155 1199 10
176 1160 452 1204 Catafractus
486 1174 617 1216 eques
651 1159 846 1201 munitus

176 1233 433 1276 Cassabitur
497 1231 798 1274 annullabitur
855 1230 1037 1285 dissipa-

236 1307 356 1348 bitur

176 1378 417 1422 Cathomus
450 1377 578 1433 uirga
610 1376 776 1418 nodosa

177 1450 419 1506 Capillatus
454 1449 636 1492 crinitus

177 1522 425 1565 Catulaster
476 1520 646 1562 iuuenis
695 1518 921 1561 duodecim
967 1534 1037 1559 an-

235 1610 393 1637 norum

125 1680 157 1704 15
177 1668 309 1711 Cesar
340 1664 562 1722 possessio
595 1663 850 1720 principalis

177 1739 341 1782 Cesaru
374 1738 605 1781 immolatu

177 1812 342 1855 Ceralis
377 1812 609 1854 decorosus
642 1808 861 1851 formosus

178 1885 333 1927 Certus
365 1884 494 1926 uelox
525 1881 667 1924 fidelis
699 1880 851 1922 firmus

179 1955 332 1998 Celum
370 1954 535 1997 ferrum
573 1968 660 2008 quo
702 1954 939 2007 operantur
977 1966 1040 1992 ar-

239 2027 428 2084 gentarii

126 2117 160 2142 20
180 2100 429 2143 Cerimonia
461 2112 583 2141 sacra
616 2096 741 2152 orgia

181 2171 337 2215 Cestus
393 2174 547 2227 quarte
605 2167 908 2211 declinationis
966 2181 1043 2221 per

240 2243 482 2300 diptongon
499 2257 620 2285 arma
640 2240 841 2296 pugilum
857 2237 1041 2280 secunde

243 2315 545 2359 declinationis
579 2314 776 2356 balteum
811 2309 982 2353 ueneris

182 2389 426 2432 Centaurus
461 2401 597 2443 equus
631 2387 674 2427 et
704 2385 837 2426 homo

183 2460 355 2503 Ceritus
377 2460 565 2501 multum
585 2458 752 2500 habens
773 2454 1043 2496 frumentum

185 2531 419 2575 Censorius
453 2531 528 2587 qui
562 2543 740 2572 censum
773 2525 908 2582 exigit

129 2620 162 2645 25
183 2603 383 2660 Celeptra
415 2617 552 2660 genus
585 2600 715 2643 metri

183 2676 338 2719 Cerere
365 2691 476 2733 pane
498 2689 615 2717 ceres
636 2673 815 2730 ponitur
836 2684 915 2725 pro
940 2669 1044 2709 luna

243 2748 453 2791 acreando
487 2748 604 2790 dicta

184 2821 476 2876 Corpulentus
510 2835 682 2863 crassus

186 2891 386 2934 Cordiest
417 2893 562 2948 placet
593 2892 815 2934 uoluntati
849 2894 916 2933 est

189 2962 370 3006 Cortina
407 2964 529 3006 locus
567 2964 680 3006 unde
720 2963 944 3006 oraculum
977 2963 1046 3021 da-

248 3036 377 3076 batur
403 3036 519 3078 dicta
545 3051 570 3077 a
596 3035 714 3078 corio
741 3034 937 3091 pithonis
961 3049 1046 3076 ser-

249 3108 391 3161 pentis
436 3108 505 3150 uel
552 3108 677 3163 quasi
723 3107 887 3150 certina
933 3105 1048 3161 quod

570 112 828 149 EXCERPTA
853 111 919 146 EX
946 110 1120 146 CODICE
1148 109 1433 146 CASSINENSI
1459 114 1527 145 402

1130 223 1250 264 certa
1270 221 1370 262 inde
1390 235 1601 276 responsa
1620 221 1838 263 dabantur
1859 223 1930 264 uel

1132 293 1233 349 quia
1266 307 1340 335 cor
1372 292 1488 335 uatis
1521 293 1583 335 ibi
1617 293 1848 335 tenebatur

1071 365 1247 409 Coritus
1281 379 1406 407 mons
1440 367 1507 406 est

1073 438 1250 481 Corcira
1275 437 1419 480 insula
1445 437 1562 480 inter
1589 452 1771 494 epyrum
1798 441 1841 481 et
1868 454 1932 481 ca-

1130 509 1317 552 labriam

1072 581 1328 638 Corripiunt
1361 582 1521 636 raptim
1554 582 1719 624 tollunt

1073 654 1242 697 Cordex
1275 653 1350 709 qui
1383 654 1535 696 cordas
1569 654 1676 697 facit

1074 726 1269 770 Cillenus
1303 741 1428 768 mons
1463 725 1633 768 arcadie

1073 799 1243 843 Chorus
1287 798 1463 854 proprie
1507 801 1660 842 cantus
1700 814 1934 842 coeuorum
1955 812 1989 837 35

1134 874 1177 913 et
1211 870 1388 913 saltatio

1074 943 1338 987 Charchesia
1371 943 1596 999 generatio
1630 943 1888 999 poculorum

1075 1015 1284 1058 Charmes
1329 1030 1477 1072 pugna
1522 1016 1619 1058 inde
1665 1015 1935 1071 epicharmes

1133 1087 1229 1130 laus
1261 1102 1407 1144 pugne

1076 1158 1271 1202 Clarium
1306 1159 1515 1216 oppidum
1541 1160 1626 1205 fuit
1652 1160 1766 1203 unde
1791 1160 1937 1216 apollo

1137 1231 1296 1274 clarius

1078 1304 1366 1347 Clanzomene
1400 1304 1558 1347 ciuitas
1592 1305 1680 1347 asie

1078 1376 1240 1419 Clabus
1274 1376 1404 1420 fustis
1437 1378 1724 1433 gubernaculi
1960 1391 1995 1416 40

1079 1448 1274 1491 Classica
1305 1449 1413 1491 tuba
1445 1452 1489 1491 et
1522 1450 1614 1492 eius
1647 1465 1780 1493 sonus

1079 1520 1314 1576 Compotes
1349 1521 1423 1576 qui
1448 1522 1562 1576 quod
1590 1522 1747 1565 uolunt
1773 1523 1940 1566 faciunt

1137 1593 1312 1648 inpotes
1346 1593 1421 1648 qui
1458 1609 1547 1636 non
1579 1597 1765 1650 possunt
1796 1594 1938 1638 facere

1137 1665 1251 1722 quod
1283 1665 1440 1707 uolunt

1079 1737 1329 1781 Commerui
1360 1737 1476 1780 idest
1508 1739 1621 1781 male
1655 1740 1725 1796 egi

1079 1809 1376 1853 Commissura
1409 1810 1660 1853 tabularum
1691 1812 1939 1855 coniunctio

1079 1881 1342 1938 Competens
1376 1883 1639 1926 conueniens
1672 1887 1824 1940 aptum

1079 1955 1329 1998 Comesatio
1363 1954 1542 1997 collatio
1581 1971 1728 1998 mense
1767 1958 1938 2011 quando

1137 2027 1267 2069 multi
1299 2027 1344 2069 in
1376 2042 1511 2068 unum
1544 2028 1683 2070 multa
1711 2028 1940 2071 conferunt

1139 2102 1189 2142 ut
1209 2099 1339 2141 simul
1361 2099 1591 2155 epulentur
1605 2103 1649 2142 et
1669 2100 1939 2143 inebrientur

1081 2171 1290 2215 Conferto
1325 2172 1557 2214 coniuncto

1081 2243 1286 2287 Conuexa
1317 2244 1550 2299 pendentia
1583 2259 1794 2300 suspensa

1083 2316 1315 2360 Confertus
1347 2316 1501 2371 plenus

1083 2388 1382 2432 Conciliantur
1438 2389 1546 2431 nobi
1602 2389 1942 2432 reconciliantur
1962 2404 1997 2430 50

1143 2459 1311 2516 antiqui

1083 2532 1335 2576 Conuexum
1368 2533 1550 2575 curbum

1083 2604 1228 2648 Conus
1275 2605 1509 2647 curbatura
1554 2620 1636 2661 que
1687 2607 1848 2649 eminet
1897 2607 1943 2648 in

1143 2677 1268 2733 galea

1083 2749 1345 2793 Consertum
1377 2749 1599 2806 illigatum

1083 2820 1228 2864 Conus
1261 2821 1431 2864 fructus
1472 2822 1653 2877 cipressi
1686 2837 1762 2865 seu
1794 2825 1943 2866 rotun-

1143 2894 1257 2935 ditas

1084 2965 1382 3008 Consternunt
1412 2965 1582 3022 inplent

1085 3036 1274 3079 Confuto
1307 3035 1483 3093 increpo

1086 3108 1313 3152 Confundo
1347 3110 1560 3152 conturbo

1951 379 1987 404 30

1957 1901 1993 1926 45

1963 2979 1998 3005 55
