2221 3490
724 164 966 200 SPECIMEN
993 164 1177 199 conlols
1204 163 1455 198 LElDENSlS
1881 163 1967 202 423

215 277 282 319 Ex
314 276 524 318 diametro
558 291 580 317 e
613 276 790 332 regione
1113 273 1382 316 Frenicticus
1441 272 1617 314 insanus
1669 272 1723 314 ob
1775 272 1967 313 dolorem

215 348 425 390 Medietas
459 347 560 390 anni
1172 345 1328 400 capitis
1368 345 1421 386 ad
1460 347 1631 398 tempus
1669 343 1743 398 qui
1781 343 1967 384 multum

217 420 421 463 Sindetus
454 419 666 475 ligaturas
1171 416 1328 472 uigilat

216 492 477 534 Coribantas
512 493 577 541 (ta
608 505 657 533 ex
688 493 731 532 te
757 505 859 533 corr.
886 505 939 532 m.
954 487 998 546 1)
1031 490 1073 530 id
1114 490 1163 530 In
1196 503 1313 530 mare
1347 487 1557 530 adriatico
1591 487 1643 528 ad
1676 487 1854 528 adriano
1888 487 1967 527 im-

275 565 341 605 est
375 563 448 618 qui
481 562 677 604 fecerunt
709 562 900 604 sonitum
1169 562 1369 615 peratore
1397 558 1471 613 qui
1502 559 1715 613 pensabat
1741 559 1823 600 hoc
1852 573 1967 600 mare

179 649 194 673 5
217 635 409 677 Satirum
441 635 647 676 incubum
1170 646 1268 673 cum
1302 630 1466 672 catenis
1499 629 1545 670 in
1576 629 1841 684 profundum

215 707 345 749 Aides
379 706 503 761 pluto
537 705 690 759 diuitie
1130 703 1250 744 'timis
1284 703 1393 744 bord
1425 716 1593 743 remum

213 778 389 819 Peleum
421 779 545 832 pater
578 776 739 819 achelis
1111 774 1360 816 Presbitera
1403 788 1512 814 uxor
1560 773 1791 827 presbiteri
1838 788 1965 828 quam
1987 783 2021 808 35

212 849 393 905 Totegis
425 848 618 904 procella
1166 845 1321 887 habuit
1354 847 1453 886 ante
1489 843 1806 886 ordinationem

213 920 487 963 Hierufontis
513 920 582 961 uel
609 920 835 975 prophetis
858 920 932 974 qui
954 919 1068 961 audi-
1110 917 1366 959 Diaconissa
1400 931 1530 971 quam
1568 916 1774 957 diaconus
1811 917 1966 957 habuit

273 992 330 1034 tis
363 993 465 1047 pres
1111 990 1360 1031 Aduocatus
1394 987 1553 1029 dicitur
1586 987 1658 1042 qui
1698 990 1881 1028 uocatur
1922 988 1965 1028 in

161 1077 194 1102 10
214 1063 471 1120 Nastologis
524 1064 739 1105 mercedes
786 1078 867 1118 que
913 1063 1071 1104 dantur
1169 1060 1435 1102 adiutorium
1483 1058 1665 1101 alicuius
1718 1073 1847 1099 causa
1896 1059 1962 1100 uel

271 1135 418 1179 nautis
451 1138 630 1191 propter
662 1135 856 1191 regimen
888 1134 1012 1176 nauis
1168 1147 1246 1188 per
1278 1131 1506 1187 pecuniam
1540 1129 1583 1172 id
1617 1133 1684 1172 est
1717 1130 1893 1185 dingere

213 1208 416 1265 Epibatis
463 1208 537 1263 qui
582 1208 837 1263 peruenient
879 1210 922 1248 et
966 1207 1070 1248 dant
1110 1204 1295 1260 Vulgari
1327 1203 1434 1245 huni

271 1281 480 1323 nabulum
513 1295 591 1335 pro
624 1279 905 1335 nauigatione
1109 1276 1399 1331 Emorphium
1431 1275 1489 1329 ff

215 1352 404 1395 Sitatum
438 1352 641 1393 malleum
676 1352 878 1393 duratum
1108 1347 1293 1390 Exactio
1346 1361 1539 1402 mouung
1585 1346 1760 1402 gaebles
1808 1346 1879 1400 qui
1924 1346 1966 1387 in
1987 1358 2022 1382 >10

386 1424 464 1465 DE
499 1422 896 1464 DIALOGORVM
1168 1434 1348 1462 numero
1389 1419 1509 1475 optio
1548 1418 1632 1460 fuit
1675 1418 1828 1459 numer
1873 1418 1968 1459 dieis

214 1500 248 1538 A
274 1496 469 1552 primeuo
497 1496 602 1537 flore
629 1495 664 1552 (l
684 1510 763 1549 pro
791 1511 812 1536 1·
837 1509 937 1538 corr.
958 1510 1010 1536 m.
1027 1493 1070 1551 1)
1170 1492 1341 1547 quando
1376 1491 1539 1532 milites
1572 1491 1683 1532 fiunt

272 1584 297 1611 a
328 1568 468 1624 primo
502 1568 606 1609 flore
639 1568 774 1609 barbe
1111 1564 1244 1619 Optio
1296 1563 1569 1618 dispensator
1621 1562 1695 1618 qui
1746 1562 1969 1617 dispensat

161 1651 192 1676 1⁵
213 1641 403 1684 Gelonus
438 1656 462 1682 a
495 1640 674 1682 colendo
1170 1636 1388 1690 stipendia
1458 1635 1649 1677 militum
1720 1634 1968 1689 prepositus

213 1713 406 1756 Censura
438 1711 639 1753 iuditium
1170 1722 1318 1749 eorum
1365 1706 1465 1763 (pre
1504 1721 1552 1749 ea:
1596 1722 1675 1762 pro
1715 1707 1774 1748 vel
1812 1721 1890 1761 pro
1923 1720 1970 1747 cu:

213 1785 424 1826 Balneum
458 1783 667 1825 ciceronis
705 1800 729 1825 a
768 1783 966 1825 cicerono
1008 1797 1071 1823 ro·
1168 1795 1244 1835 pre
1277 1777 1399 1835 corr.)

272 1870 400 1897 mano
432 1854 626 1910 prefecto
661 1855 734 1909 qui
766 1855 871 1896 fecit
903 1855 1010 1896 illud
1111 1852 1283 1894 Cassari
1317 1866 1524 1893 euacuare
1971 1858 2113 1893 fol.33¹¹

212 1925 533 1970 Mansionarius
565 1926 802 1968 hostiarius
831 1927 902 1982 qui
931 1929 1071 1968 custo-
1111 1924 1387 1978 Decrepitani
1424 1923 1593 1965 dobend

272 1999 336 2041 dit
369 1996 513 2056 (diunt
545 2001 639 2040 ante
669 1996 790 2055 corr.)
824 1999 946 2040 edem
1112 1994 1329 2037 Oai-abum
1351 1995 1520 2037 modica
1534 1995 1659 2036 nauis
1683 1993 1823 2035 minor
1839 2007 1967 2047 quam

212 2071 468 2114 Fledomum
500 2071 603 2112 blod
637 2085 736 2112 saex
1172 2067 1290 2109 scafa

160 2155 194 2179 20
214 2144 356 2198 Eruce
385 2142 544 2185 modici
571 2157 740 2184 uermes
764 2143 837 2197 qui
864 2143 1074 2184 mandunt
1114 2139 1360 2182 Dalmatica
1392 2139 1539 2181 tonica
1570 2139 1659 2180 lata
1691 2137 1857 2179 habens
1885 2152 1970 2177 nia-
1990 2148 2024 2173 45

271 2215 378 2258 folia
410 2215 573 2257 multos
605 2215 736 2269 pedes
768 2214 903 2256 habet
1172 2212 1292 2254 nicas
1327 2211 1494 2252 misalis

214 2288 265 2329 111
299 2287 466 2343 gremio
499 2286 544 2327 in
577 2285 718 2328 medio
752 2286 905 2328 domus
1114 2284 1249 2325 Porta
1276 2281 1465 2324 laurenti
1487 2282 1589 2337 quia
1615 2297 1691 2336 per
1717 2281 1857 2336 ipsam
1879 2294 1971 2321 cor-

215 2358 463 2401 Interorina
494 2347 573 2414 pp}
604 2373 764 2399 nomen
796 2357 882 2399 loci
1173 2370 1253 2410 pus
1288 2354 1378 2396 eius
1411 2357 1636 2409 portatum
1670 2355 1736 2395 est

215 2430 403 2473 Ausaret
435 2432 494 2485 pp
525 2444 683 2472 nomen
715 2428 907 2470 fluminis
1115 2425 1397 2483 Angulisslnis
1445 2425 1483 2484 (s
1516 2423 1662 2482 deleta)
1707 2415 1793 2486 {pt
1835 2426 1970 2477 terme

215 2503 318 2544 Vini
350 2501 472 2544 fusor
503 2501 710 2556 pincerna
1173 2488 1291 2542 calid

159 2586 193 2611 25
214 2574 393 2631 Vangas
426 2573 620 2629 spaedun
1111 2571 1317 2615 quenior
1343 2570 1386 2612 id
1408 2572 1474 2612 est
1501 2569 1645 2611 senior
1672 2569 1715 2610 in
1742 2568 1970 2609 iuuentute

214 2646 393 2688 Aurelia
425 2648 543 2687 terra
575 2647 642 2687 est
675 2645 744 2686 uel
777 2644 1004 2700 prouincia
1113 2642 1196 2685 Sex
1253 2632 1340 2684 unt
1382 2641 1569 2683 mediam
1624 2643 1794 2696 partem
1844 2639 1971 2680 unius

217 2718 438 2761 sabanum
471 2717 655 2758 linteum
688 2717 741 2758 ad
773 2716 882 2758 bain
1171 2715 1273 2756 uille
1331 2713 1596 2755 consuetudo
1654 2714 1720 2754 est
1776 2725 1972 2752 romano-

217 2789 376 2831 Ferula
408 2789 587 2831 baculus
615 2788 876 2829 arundineus
904 2789 953 2830 de
988 2803 1074 2829 ma·
1172 2801 1268 2828 rum
1301 2788 1441 2827 totam
1470 2783 1762 2826 substantiam
1795 2795 1861 2823 xil
1894 2771 1972 2822 urst

275 2861 366 2903 iore
395 2875 548 2916 genere
571 2860 607 2902 si
634 2859 736 2901 feris
759 2859 809 2901 de
836 2858 931 2914 ipso
953 2859 1075 2901 ardet
1173 2858 1314 2900 dicere
1354 2857 1444 2898 siue
1478 2870 1637 2911 magna
1670 2855 1727 2896 sit
1761 2853 1851 2895 siue
1885 2868 1973 2894 mo-

275 2935 319 2974 et
350 2947 439 2974 non
471 2934 538 2974 est
570 2931 754 2973 libidum
1174 2929 1269 2971 dica

214 3003 447 3046 Modernos
480 3018 618 3045 nouos
1114 3000 1260 3043 Arbor
1293 3002 1433 3041 maest
1993 3007 2029 3034 50

161 3089 196 3113 30
219 3075 387 3118 Sabura
419 3076 464 3117 in
496 3089 675 3117 romana
707 3075 812 3116 urbe
1116 3072 1241 3116 Claui
1273 3070 1435 3126 perditi

216 3146 436 3189 Paritores
470 3145 694 3188 ministros
1116 3144 1253 3186 Rimis
1288 3142 1433 3185 einum
