2221 3490
252 149 338 191 558

253 258 420 300 Sinaxis
454 256 680 298 sollemnia
713 257 952 297 conuentus

253 329 419 384 Siliqua
450 328 670 369 folliculus
703 326 938 382 leguminis
971 328 1013 367 et
1046 325 1107 366 bi-

313 401 472 442 cesima
503 413 603 454 pars
637 398 748 440 soldi

253 472 362 514 Silet
393 473 510 513 tacet

192 591 195 594 ,
253 542 531 600 Sillogismus
566 541 889 598 argumentatio
922 541 991 583 uel
1025 541 1111 583 col-

312 615 443 657 lectio
478 629 727 656 sermonum

213 701 229 725 3
252 686 416 728 Sillaba
449 685 777 741 comprehensio
809 684 1056 726 litterarum

199 1278 229 1301 10

195 2570 208 2592 2
213 2570 228 2591 Ο

251 758 388 800 Sirius
422 758 540 799 sidus
575 757 930 807 ardentissimum

251 828 387 871 Sirtes
413 829 603 884 scopulis
625 844 756 884 supra
776 829 952 870 dorsum
975 827 1107 869 maris

308 902 379 943 uel
412 901 522 943 uada
555 915 710 942 saxosa

251 972 367 1015 Silex
398 973 510 1028 lapis
544 971 802 1014 durissimus

251 1043 495 1086 Simbolum
561 1044 730 1099 optima
798 1043 975 1086 collatio
1038 1042 1108 1084 uel

308 1120 485 1172 pactum
507 1116 622 1171 quod
643 1130 741 1157 cum
762 1116 841 1157 deo
862 1115 913 1156 fit
935 1114 1109 1170 signum

311 1204 385 1231 seu
419 1187 612 1244 cognitio

250 1260 435 1302 Simulat
468 1259 596 1315 fingit

250 1331 539 1374 Simulacrum
574 1330 741 1387 effigies
773 1330 920 1386 imago

251 1404 530 1460 Siquominus
559 1403 754 1457 alioquin
785 1402 932 1456 potius
966 1402 1106 1458 magis

309 1477 423 1532 quod
452 1476 488 1517 si
515 1489 603 1516 non
623 1475 691 1516 uel
713 1475 840 1516 sinon
859 1489 961 1515 nam
983 1473 1109 1515 sinon

308 1550 607 1590 uerumtamen

250 1619 453 1675 Sinzugie
471 1619 657 1674 quedam
679 1618 993 1660 declinationes
1017 1633 1109 1659 seu-

309 1692 429 1733 uarie
445 1690 746 1733 conclusiones
768 1690 881 1732 idest
896 1690 1109 1732 dictiones

310 1779 392 1819 que
419 1763 488 1805 uel
516 1778 589 1805 sex
617 1763 795 1804 sillabas
823 1763 893 1804 uel
922 1762 1109 1816 amplius

311 1836 537 1877 continent

250 1906 446 1949 Sinachis
511 1907 738 1948 suffocatio
804 1906 874 1948 uel
943 1905 1109 1961 praefo-

309 1980 422 2022 catio

214 2067 229 2091 5
251 2050 460 2093 Simultas
482 2051 607 2093 dolus
627 2051 682 2092 lis
705 2050 875 2093 occulta
895 2050 989 2092 rixa
1010 2065 1108 2092 con-

309 2124 446 2166 tentio

250 2194 488 2237 Simulator
516 2195 589 2250 qui
618 2195 734 2236 aliud
761 2194 957 2249 loquitur
989 2195 1106 2236 aliud

308 2267 401 2323 agit

251 2338 403 2380 Sinum
435 2339 579 2381 neutri
614 2339 783 2395 generis
816 2353 894 2380 uas
926 2338 1055 2380 lactis

252 2410 387 2453 Sinus
413 2411 643 2453 masculini
677 2411 847 2466 generis
882 2410 1097 2465 gremium

251 2481 380 2524 Sinus
413 2485 566 2537 portus

251 2553 351 2596 Sine
384 2554 481 2595 laxa
515 2554 686 2595 dimitte
721 2556 868 2609 patere

251 2625 435 2667 Sinodus
470 2629 708 2668 conuentus
743 2624 1026 2682 congregatio

251 2696 504 2753 Singultum
538 2697 814 2754 subgluttum

251 2767 477 2810 Sinonima
538 2768 728 2823 plurima
788 2770 966 2811 nomina
1023 2784 1105 2823 que

311 2840 459 2881 multis
474 2841 698 2883 uocabulis
714 2857 844 2883 unam
864 2856 956 2883 rem
975 2840 1107 2896 signi-

308 2912 409 2953 ficat

252 2981 489 3025 Sinistrum
522 2984 789 3025 contrarium

198 3053 449 3110 2:›Si11ciput
481 3055 707 3098 dimidium
747 3059 877 3111 caput
910 3056 977 3097 uel
1012 3055 1103 3097 sine

311 3127 449 3181 capite

650 146 907 181 EXCERPTA
934 145 998 179 EX
1025 144 1197 179 CODICE
1226 142 1510 179 CASSINENSI
1537 148 1604 178 40⁴2

1147 252 1415 309 Singillatim
1440 268 1516 307 per
1542 252 1739 308 singulas
1766 252 1883 294 uices
1909 266 2003 308 gra-

1206 324 1343 365 datim
1376 324 1588 378 paulatim

1149 395 1375 437 Sicambra
1405 394 1555 438 franca

1150 466 1277 508 Sistit
1309 466 1466 508 statuit

1150 538 1339 581 Sistrum
1392 538 1564 595 insigne
1622 539 1911 581 sacerdotium
1962 542 2006 580 et

1208 611 1383 666 signum
1402 609 1508 651 belli
1529 625 1614 665 quo
1635 610 1875 653 uocabatur
1889 624 2005 652 exer-

1207 682 1319 724 citus
1368 696 1675 724 amazonarum
1731 679 1798 737 (ex
1841 696 2005 723 amaza-

1206 756 1318 796 norfi
1349 768 1403 795 m.
1417 752 1462 810 1)

1149 825 1268 869 Situs
1300 825 1462 881 positio
1496 825 1712 867 ordinatio
1746 826 1941 868 locorum

1146 897 1412 954 Sitigulosus
1446 897 1521 952 qui
1553 912 1722 952 semper
1755 898 1850 940 sitit

1148 969 1297 1013 Sirene
1349 970 1554 1012 demones
1599 970 1807 1011 dracones
1857 970 2005 1026 magni

1206 1042 1376 1084 cristati
1397 1044 1441 1084 et
1466 1041 1605 1083 bestie
1632 1040 1845 1083 latissime
1873 1041 2005 1082 maris

1148 1114 1253 1157 Sion
1287 1112 1526 1169 speculatio

1148 1185 1260 1228 Siler
1293 1201 1428 1243 genus
1462 1185 1646 1241 uirgulti

1148 1259 1385 1301 Silicernus
1408 1271 1537 1299 senex
1558 1257 1643 1298 iam
1659 1257 1861 1299 incuruus
1879 1257 2003 1312 quasi
2024 1273 2058 1298 35

1208 1330 1394 1385 sepulcri
1421 1329 1488 1371 sui
1516 1328 1683 1371 silicem
1715 1329 1803 1370 iam
1829 1343 2006 1370 cernens

1149 1401 1268 1443 Sima
1299 1402 1420 1444 locus
1453 1400 1624 1456 prandii

1149 1472 1375 1529 Sintagma
1397 1473 1644 1529 explanatio
1666 1472 1859 1515 ostensio
1875 1472 2005 1514 inter-

1207 1546 1396 1601 pretatio
1432 1549 1558 1587 tenor
1593 1545 1687 1587 laus
1721 1544 2005 1600 proprietatis

1208 1618 1422 1673 expositio

1150 1687 1406 1744 Simphonia
1439 1704 1618 1732 concors
1652 1692 1885 1731 concentus

2024 841 2058 866 30

1149 1760 1302 1803 Sinum
1340 1777 1419 1804 uas
1459 1761 1662 1818 uirgilius
1703 1761 1845 1802 sinum
1877 1761 2005 1802 lactis

1207 1836 1250 1875 et
1281 1834 1498 1876 hectheba
1530 1833 1680 1888 priape
1714 1835 1821 1887 quot
1854 1833 1978 1874 annis

1149 1904 1304 1947 Sibilla
1337 1909 1520 1949 uocatur
1547 1905 1688 1948 omnis
1715 1904 1878 1947 femina
1909 1919 2004 1959 pro·
2025 1920 2059 1944 40

1206 1977 1349 2019 fetans
1396 1977 1530 2019 officii
1576 1977 1691 2018 enim
1734 1992 1893 2019 nomen
1939 1979 2005 2017 est

1207 2049 1354 2092 decem
1375 2050 1491 2092 enim
1516 2049 1693 2091 fuerunt
1722 2048 1864 2090 sibille
1892 2047 2004 2103 apud

1206 2122 1392 2177 gentiles

1150 2192 1268 2235 Siser
1301 2208 1437 2250 genus
1471 2194 1704 2250 leguminis

1148 2264 1299 2307 Sibola
1331 2266 1530 2309 collectio
1562 2280 1842 2308 nummorum

1148 2335 1356 2380 Sillabica
1407 2338 1619 2394 epectasis
1674 2338 1787 2380 idest
1839 2336 2002 2379 additio

1207 2409 1360 2452 sillabe
1395 2412 1653 2453 adornatum
1684 2410 1775 2452 siue
1802 2422 2004 2465 augmen-

1205 2484 1299 2522 tum

1149 2552 1365 2596 Secularis
1388 2555 1606 2597 sententia
1627 2557 1694 2597 est
1721 2556 1826 2610 aput
1851 2567 2003 2610 grecos

1206 2625 1409 2680 quicquid
1436 2627 1538 2668 licet
1565 2626 1708 2668 minus
1735 2625 2005 2667 desideratur

1207 2711 1228 2738 e
1267 2698 1486 2740 contrario
1526 2697 1731 2754 quicquid
1771 2711 1859 2740 non
1900 2695 2004 2737 licet

1204 2767 1450 2811 fomentum
1483 2770 1642 2825 accipit
1674 2769 1875 2812 desiderii

1147 2910 1392 2954 Tarantara
1424 2929 1509 2955 uox
1540 2913 1644 2955 tube
2022 2924 2057 2949 45

1144 2982 1275 3025 Tanis
1297 2985 1552 3040 metropolis
1575 2984 1712 3040 egipti
1734 2984 1808 3026 ubi
1831 2997 2002 3038 moyses

1205 3058 1361 3098 cuncta
1394 3057 1519 3113 signa
1545 3057 1649 3100 fecit
1681 3070 1763 3111 que
1790 3055 1836 3097 in
1865 3055 1999 3096 exodo

1204 3126 1508 3169 describuntur
