2221 3490
738 143 990 180 EXCERPTA
1018 143 1080 177 EX
1107 141 1298 199 GLOSQIS
1324 141 1355 176 A
1377 140 1408 175 A

206 256 366 299 Arcida
397 256 614 298 ueiculum

206 327 402 370 Arcistes
435 326 656 384 sagittarii

206 399 390 442 Arcolus
424 399 608 442 circulus
636 413 716 453 que
744 398 789 439 in
816 397 956 452 capite
989 397 1059 438 ha-

264 472 369 514 bent
401 486 482 526 que
517 473 674 527 gerunt
706 485 811 511 uasa

205 543 369 586 Arcum
398 545 611 585 secretum
637 541 705 584 uel
734 541 958 583 incuruum
986 540 1058 581 ali-

266 614 368 670 quid

170 685 385 729 5Ardalio
419 688 540 728 actus
574 699 673 726 cum
707 684 939 739 iniquitate

205 756 351 798 Ardur
382 771 516 812 genus
550 756 677 797 farris

209 827 391 870 Arestae
419 828 636 883 spicarum
659 826 880 869 cacumina
902 827 1059 881 quibus

265 899 483 941 stantibus

205 970 307 1013 Aris
339 971 562 1027 ingenium
595 969 758 1026 segites
789 970 991 1011 uidentur

206 1041 377 1085 Aristas
412 1042 553 1098 spicas
588 1041 754 1084 tac-hias

154 1127 186 1151 10
205 1114 378 1157 Arcscit
411 1116 553 1157 seccat

205 1186 393 1242 Ariuges
425 1185 620 1228 hostium

205 1257 377 1300 Arietat
410 1258 563 1299 arebro
596 1256 781 1298 incurrit

204 1328 332 1371 Aries
363 1328 468 1370 belli
500 1329 838 1370 instrumentum
872 1343 947 1383 per
975 1342 1058 1382 quo

263 1400 533 1442 dissoluntur
566 1415 688 1442 mura

203 1472 376 1514 Arietat
408 1472 510 1514 ferit
541 1472 732 1527 percutit
764 1471 851 1512 ritu
884 1470 1040 1512 arietes

153 1556 185 1582 15
206 1543 382 1586 Ariolus
404 1543 638 1600 arepticius
660 1543 852 1585 diuinum
878 1542 1058 1598 spiritus

262 1615 457 1671 pithonis

204 1687 331 1729 Aries
364 1702 501 1744 genus
534 1685 744 1729 tormenti

203 1758 415 1801 Arillator
446 1761 662 1800 mercator

206 1831 489 1873 Arbitrauere
524 1830 835 1872 concinnauere

205 1903 380 1945 Arualis
414 1901 600 1959 agrestis
634 1902 821 1944 rusticus

151 1986 185 2011 20
206 1974 349 2016 Arura
380 1975 606 2031 ingeratur

204 2045 372 2088 Aruina
405 2046 595 2102 axungia

204 2117 430 2160 Aruinulis
464 2118 662 2173 adipibus

207 2189 392 2231 Armicis
426 2190 605 2231 armatis

204 2261 440 2303 Armillum
471 2276 548 2303 uas
581 2261 798 2303 uinarium

152 2346 185 2371 25
206 2332 413 2375 Armenia
443 2332 669 2389 prouincia
701 2336 767 2375 est
799 2336 917 2376 certa

205 2404 341 2447 Arma
385 2405 583 2460 ueruntie
629 2406 734 2447 tella
783 2405 898 2447 bella
943 2405 1060 2446 uiuo-

264 2491 446 2532 rumque

207 2548 429 2603 Arquatus
463 2548 714 2605 morbigens

205 2620 419 2674 Arpentia
450 2619 662 2661 festinant

203 2690 382 2733 Arseria
412 2707 490 2734 uas
519 2691 735 2733 uinarium
763 2692 876 2747 quod
909 2692 1060 2733 uinum

263 2762 315 2803 ad
348 2778 422 2805 ara
453 2762 539 2805 fert

150 2847 186 2872 30
205 2833 381 2875 Arteria
411 2835 657 2890 plaustrum

203 2904 400 2960 Articule
433 2907 608 2949 articuli
639 2907 792 2949 breues

1862 139 1943 179 441

1101 251 1402 307 Artepellones
1436 249 1638 305 gunnarii

1100 324 1189 366 Arx
1222 337 1391 366 summa
1429 337 1529 377 pars
1564 321 1684 363 cuius
1717 319 1833 361 dicta
1866 334 1949 373 quo

1159 395 1388 437 altitudine
1423 409 1500 435 sua
1538 392 1677 434 hostis
1721 391 1951 447 prohibeat

1157 468 1269 509 idest
1302 465 1555 521 capitolium

1098 538 1259 580 Asteus
1293 537 1467 593 gracilis
1500 551 1643 579 macer
1677 534 1851 577 subtilis
1884 549 1952 576 ul·-

1155 610 1294 651 banus

1098 682 1159 724 As
1191 681 1365 736 longius
1972 688 2006 713 35

1098 751 1337 795 Aschimon
1365 751 1644 792 inhonestum
1672 750 1951 805 dedignatum

1097 825 1233 866 Ascer
1266 822 1460 878 samguis
1494 837 1619 864 cruor

1099 896 1290 951 Aspecta
1322 897 1474 936 contra
1507 894 1650 949 aspice

1098 967 1335 1023 Aspectare
1369 966 1629 1020 uoluptuose
1663 965 1829 1006 intuere

1099 1039 1285 1082 Adsecul
1320 1037 1606 1080 buccellarius
1972 1046 2006 1070 40

1099 1113 1256 1154 Assere
1290 1109 1434 1166 tigillo
1469 1109 1536 1150 uel
1572 1108 1666 1163 fuse

1097 1182 1356 1237 Assumptio
1390 1181 1608 1235 susceptio

1098 1255 1233 1296 Astus
1266 1253 1566 1295 fraudulentus
1600 1267 1676 1294 seu
1708 1251 1916 1306 insipiens

1100 1328 1266 1368 Atauus
1299 1339 1467 1380 pappus

1098 1397 1316 1440 Atatauus
1348 1411 1598 1452 propappus
1973 1403 2007 1427 451

1098 1470 1251 1512 Aterio
1284 1468 1526 1524 posteriore
1559 1470 1681 1523 parte

1099 1543 1247 1585 Atcire
1280 1555 1435 1583 uocare

1099 1614 1290 1668 Athome
1326 1611 1548 1668 apertione

1098 1686 1328 1728 Atellanus
1361 1684 1503 1725 minus
1537 1683 1764 1724 theatralis

1099 1757 1264 1799 Attulit
1303 1758 1506 1812 aggestat
1547 1755 1807 1797 atlantiades
1842 1754 2007 1795 idest-‘³0

1158 1829 1394 1871 mercurius
1428 1827 1544 1869 filius
1576 1829 1675 1868 nate
1709 1826 1887 1868 atlantis

1102 1902 1230 1943 Atras
1264 1900 1514 1942 tenebrosas

1099 1974 1239 2015 Atrax
1271 1972 1473 2014 tenebras

1100 2047 1239 2088 Atrux
1273 2060 1378 2086 anus
1413 2047 1484 2086 ato
1519 2043 1700 2084 mendax

1100 2117 1316 2159 Atriensis
1349 2117 1510 2158 ianitor
1542 2115 1778 2157 hostiarius

1098 2190 1364 2231 Auctumare
1397 2188 1536 2230 dicere
1974 2191 2006 2217 55

1099 2261 1312 2303 Autumat
1343 2262 1569 2316 presumat

1100 2333 1342 2375 Audentior
1375 2331 1578 2375 audacior

1098 2405 1328 2448 Aucuralis
1362 2405 1406 2447 in
1439 2403 1596 2459 quibus
1630 2403 1740 2445 retia
1779 2418 1953 2457 suspen—

1157 2477 1317 2519 duntur

1096 2549 1297 2591 Auernus
1330 2549 1450 2591 locus
1484 2548 1597 2589 inter
1630 2562 1777 2590 cumas
1806 2549 1849 2588 et
1879 2562 1954 2601 pu-

1156 2621 1284 2662 teolis

1097 2692 1296 2734 Auesunt
1342 2691 1455 2733 mala
1503 2691 1614 2733 idest
1665 2705 1824 2732 auerna
1868 2692 1952 2732 eta-
1973 2695 2006 2719 ⁰0

1157 2763 1323 2805 bellant
1361 2763 1596 2804 detrahunt
1635 2778 1715 2817 queg
1755 2765 1831 2803 aut
1869 2777 1953 2802 ma-

1157 2835 1271 2877 iores
1312 2837 1419 2876 natu
1458 2834 1531 2889 qui
1576 2833 1757 2890 dignant
1797 2848 1952 2875 norum

1159 2906 1233 2962 qui
1264 2909 1448 2961 possunt

302 3074 332 3107 7.
355 3074 387 3106 8.
414 3074 644 3118 comum-qum
669 3073 715 3107 ab
740 3071 825 3106 Aris
852 3071 1045 3117 ingenium
1071 3073 1271 3108 onn'ttentes
1299 3072 1310 3115 ΙΙ
1338 3074 1391 3105 10.
1419 3069 1537 3105 siccat
1562 3072 1612 3106 ab
1645 3071 1656 3116 ΙΙ
1687 3073 1742 3106 13.
1770 3071 1869 3115 quod
1896 3072 1915 3106 b

206 3133 261 3167 14.
283 3129 411 3166 arietis
432 3143 453 3166 α
473 3132 485 3176 ΙΙ
507 3134 559 3166 15.
581 3130 732 3166 diuinus
752 3133 763 3176 ΙΙ
783 3135 839 3167 26.
860 3131 1098 3177 uirorumque
1120 3133 1170 3167 ab
1189 3133 1201 3176 [l
1222 3134 1276 3166 33.
1298 3128 1391 3165 ciuis
1413 3131 1443 3164 b.
1477 3128 1570 3164 cibis
1591 3142 1613 3165 cc
1633 3131 1644 3175 ΙΙ
1664 3133 1720 3166 49.
1744 3130 1880 3165 mimus
1901 3132 1920 3166 b
1942 3131 1952 3175 ’ξ
