2216 3402
688 97 944 134 EXCERPTA
970 96 1034 131 EX
1060 96 1203 132 LIBRO
1232 96 1520 132 GLOSSARVM
1895 99 1978 140 169

230 209 399 252 Aruina
431 225 532 253 caro
564 209 703 251 ferina
1126 207 1307 249 Athomi
1334 207 1581 249 tenuissimi
1609 207 1807 263 pulueres
1836 208 1909 262 qui
1934 208 1980 249 in

231 282 400 325 Aruina
431 285 498 324 cst
535 281 754 338 pinguedo
788 280 875 323 coti
908 279 1086 322 aderens
1185 279 1316 321 radiis
1350 282 1561 334 apparent
1599 279 1705 321 solis
1739 279 1813 334 qui
1846 279 1979 321 diuidi

231 353 398 396 Aruina
448 368 548 398 caro
596 352 772 409 pinguis
824 351 963 394 ferina
1017 350 1086 393 uel
1184 365 1272 392 non
1309 353 1493 405 possunt
1537 365 1663 406 grece
1703 350 1817 393 enim
1861 351 1980 392 atho-

291 441 449 481 mappa
479 425 662 470 interius
696 423 921 480 sanguinis
1186 437 1280 464 mos
1314 422 1518 464 indiuisio
1552 426 1698 464 tomus
1732 421 1888 464 diuisio
1921 422 1981 464 in-

231 498 450 540 Arruncat
484 497 644 540 auertit
677 495 838 537 alienat
1187 496 1481 549 terpraetatur

196 580 211 606 5
233 571 352 612 Aruo
399 572 519 624 terre
551 567 762 624 uergilius
806 566 878 609 hic
919 566 1088 621 istirpis
1125 564 1357 608 Attonitus
1391 568 1640 621 stuperatus

293 641 439 684 obruit
473 654 577 683 aruo
1127 637 1289 679 Atrade
1317 637 1611 692 cappadocum
1638 637 1789 694 lingua
1816 638 1981 680 decem-

232 714 416 756 Assares
447 712 633 754 latinum
666 713 733 753 est
1190 710 1262 750 ber
1295 709 1455 751 mensis
1489 709 1649 750 dicitur
1675 706 1753 766 (131)

233 784 417 827 Assares
449 784 582 826 latias
1129 781 1419 823 Auctoratum
1468 780 1777 823 consuetudine
1821 781 1983 836 primo-

232 856 405 899 Arcella
436 856 556 898 locus
590 855 669 897 sub
702 854 880 896 brachia
1187 868 1281 894 rum
1315 851 1577 894 auctoritate
1609 853 1830 894 firmatum

230 927 449 982 Ascellule
481 927 640 983 pinnae
673 927 742 968 uel
775 941 954 981 squame
1128 923 1326 981 Auena2)
1370 924 1506 966 herba
1550 923 1771 966 seminalis
1822 926 1985 981 segetis
2007 939 2041 964 30

179 1012 212 1037 10
231 999 436 1042 Ascultat
469 999 660 1042 aduertit
691 999 858 1053 intente
1188 996 1342 1038 similis
1381 995 1583 1052 Uirgilius
1627 996 1717 1038 urit
1755 995 1870 1038 enim
1908 997 1986 1038 liui

231 1071 444 1114 Assecula
476 1071 609 1114 cliens
641 1071 712 1113 uel
745 1072 973 1125 susceptus
1188 1083 1390 1123 campum
1422 1081 1547 1124 seges
1579 1067 1669 1109 urit
1701 1083 1835 1110 auene
1866 1069 1987 1123 poni-

234 1143 440 1198 Assecule
475 1143 660 1186 subiecti
1187 1142 1260 1181 tur
1292 1142 1336 1182 et
1366 1154 1445 1195 pro
1480 1139 1619 1181 clamo
1654 1139 1916 1196 aliquotiens

231 1215 440 1258 Assecule
472 1215 639 1271 parasti
673 1214 745 1270 qui
779 1217 985 1257 secuntur
1018 1214 1090 1255 ali·
1129 1212 1328 1254 Auencat
1361 1211 1552 1254 eradicat

293 1303 421 1342 quem
1129 1283 1283 1339 Augur
1317 1283 1391 1338 qui
1424 1298 1526 1325 aues
1559 1283 1730 1340 colligit

232 1359 414 1402 Aselum
446 1358 640 1415 confugii
674 1358 886 1414 templum
1127 1355 1328 1411 Augures
1363 1355 1436 1409 qui
1470 1355 1653 1411 auguria
1685 1355 1916 1397 intendunt

179 1442 211 1468 15
231 1430 414 1473 Asseres
445 1430 534 1486 pali
567 1430 636 1472 uel
668 1430 821 1486 paxilli
1128 1427 1375 1483 Augurium
1408 1427 1666 1483 auguriandi
1699 1426 1908 1482 periciam

232 1502 404 1545 Asilum
437 1503 647 1545 tabanum
1127 1499 1379 1556 Augustum
1423 1513 1617 1541 mensem
1662 1499 1717 1540 ab
1758 1498 1987 1540 octauiano
2009 1513 2043 1539 35

232 1575 404 1617 Asilum
426 1589 554 1630 quem
575 1588 700 1629 grece
720 1576 916 1616 uestrum
932 1573 1045 1615 rusci
1058 1571 1090 1630 ¹)
1189 1573 1377 1627 augusto
1410 1570 1580 1613 romani
1612 1573 1881 1613 uocauerunt

292 1646 497 1688 tabanam
531 1645 754 1701 appellant
1129 1642 1357 1699 Augustus
1379 1657 1509 1698 super
1530 1658 1678 1685 omnes
1701 1642 1841 1685 claros
1857 1645 1987 1698 atque

233 1719 398 1760 Asotus
429 1717 678 1760 luxoriosus
1191 1715 1480 1770 amplificatos

234 1789 566 1844 Aspiculatione
601 1788 855 1831 adsensione
1130 1787 1350 1843 Auigerus
1420 1786 1675 1843 auguriator
1744 1787 1818 1843 qui
1886 1803 1987 1829 aues

179 1874 213 1899 20
234 1861 393 1916 Aspita
424 1861 550 1903 ruina
1190 1859 1347 1914 aspicit

234 1932 458 1975 Astarium
484 1932 560 1974 ubi
586 1932 836 1974 uenduntur
856 1932 971 1974 bona
996 1947 1092 1988 pro·
1129 1930 1290 1972 Auitus
1325 1930 1532 1985 antiquus

294 2004 558 2060 scriptorum
1132 2002 1311 2045 Auortit
1337 2002 1430 2044 siue
1457 2002 1617 2044 auertit
1644 2006 1901 2058 conceptum
1928 2003 1988 2045 in-

234 2075 414 2118 Asturio
448 2091 585 2132 equus
618 2076 867 2119 ambulator
1190 2074 1352 2117 maturi
1383 2077 1534 2129 partus
1569 2075 1721 2116 effudit

234 2148 371 2189 Astus
404 2147 523 2190 fraus
1130 2147 1272 2189 Auras
1335 2145 1514 2201 ponitur
1582 2146 1846 2201 aliquotiens
1910 2162 1988 2201 pro
2009 2162 2043 2186 40

236 2221 369 2261 Astus
404 2220 567 2262 astutia
1190 2218 1341 2260 auditu

181 2304 215 2330 25
234 2290 514 2333 Athlantides
578 2291 702 2333 stelle
760 2291 984 2333 orientalis
1047 2292 1092 2332 in
1131 2291 1310 2346 Aurugo
1345 2290 1524 2331 morbus
1555 2290 1703 2346 regius

293 2377 424 2405 unam
456 2363 599 2418 posite
632 2362 834 2419 uirgilius
868 2366 967 2405 ante
1001 2363 1092 2405 tebi
1130 2362 1262 2405 Ausis
1296 2361 1499 2404 admissis

295 2449 400 2476 eoue
432 2434 697 2477 athlantides
729 2435 1053 2477 abscondantur
1133 2432 1386 2490 Auspices3)
1429 2436 1530 2475 sunt
1562 2448 1644 2489 que
1676 2433 1987 2476 interficientes

358 2565 392 2608 1)
425 2576 469 2599 ea}
494 2562 669 2599 etruscici
700 2565 711 2608 11
743 2565 779 2610 2)
810 2576 835 2599 u
859 2575 886 2600 s.
911 2575 979 2600 scr.
1011 2566 1023 2609 11
1055 2565 1092 2610 3)
1125 2576 1148 2598 11
1173 2575 1199 2599 s.
1227 2575 1294 2599 scr.
1328 2564 1338 2607 11

356 2675 387 2706 2,
416 2671 493 2706 cuti
523 2673 534 2717 11
566 2676 599 2707 3.
626 2670 772 2706 interiis
794 2673 800 2718 1
823 2671 1051 2718 sanguinum
1076 2674 1088 2717 11
1115 2675 1145 2706 5.
1174 2670 1301 2716 stirpis
1327 2673 1338 2714 11
1364 2674 1395 2705 8.
1423 2669 1574 2705 Ascella
1593 2671 1604 2714 11
1632 2673 1685 2705 10.
1713 2670 1870 2705 Asculat
1897 2675 1987 2715 1)ι.],

237 2729 411 2766 Ascultat
436 2734 521 2767 m.4
557 2732 570 2776 11
608 2734 662 2766 11.
690 2730 872 2766 Assecula
895 2744 940 2767 m.
956 2736 988 2777 1,
1025 2731 1182 2767 Assecla
1206 2734 1287 2765 1114
1326 2732 1338 2774 11
1376 2733 1430 2765 12.
1458 2729 1660 2764 Assaeculc
1686 2735 1778 2774 111.1,
1814 2729 1990 2764 Assaecle

237 2793 320 2825 1114
356 2792 368 2835 11
408 2794 462 2825 13.
490 2790 693 2825 Assaecule
718 2803 763 2826 m.
780 2795 813 2836 1,
840 2792 1016 2828 Assaecle
1042 2804 1086 2828 m.
1103 2795 1125 2826 4
1154 2794 1158 2836 1
1188 2789 1333 2836 parasti
1358 2802 1402 2824 m.
1419 2793 1451 2833 4,
1477 2788 1637 2834 parasiti
1662 2801 1706 2824 m.
1722 2792 1744 2824 4
1776 2790 1788 2834 11
1828 2792 1880 2823 14.
1908 2789 1990 2824 Asi-

238 2849 317 2883 lum
347 2860 392 2884 ex
422 2849 576 2884 Aselum
607 2861 698 2886 corr.
735 2854 740 2894 1
775 2850 927 2897 confugi
959 2864 1002 2887 m.
1018 2856 1052 2897 1,
1079 2849 1297 2895 confugium
1329 2852 1411 2883 m.4
1448 2849 1460 2893 11
1499 2851 1553 2882 17.
1588 2849 1750 2882 cestrum
1784 2849 1789 2892 1
1823 2847 1955 2882 rustici
1984 2849 1987 2890 1

237 2908 400 2942 tabanus
433 2912 488 2953 (ut
518 2910 606 2954 vid.)
639 2915 740 2955 m.1‚
777 2910 960 2945 tabanum
990 2913 1073 2945 m.4
1116 2909 1127 2952 11
1173 2911 1227 2942 18.
1263 2907 1473 2942 luxoriosus
1498 2910 1592 2949 m.1,
1632 2905 1845 2941 luxuriosus
1871 2911 1954 2942 1114
1990 2948 1991 2952 ¹

238 2971 294 3004 22.
320 2968 479 3003 Astureo
510 2969 522 3013 11
560 2972 616 3004 24.
644 2969 790 3004 astucia
819 2972 832 3013 11
869 2972 925 3005 25.
953 2968 1154 3005 orientales
1178 2969 1181 3011 Ι
1210 2978 1324 3001 unum
1347 2966 1351 3013 1
1375 2966 1500 3012 6οΞ6
1525 2967 1537 3010 11
1569 2969 1624 3000 26.
1652 2964 1752 3000 enim
1779 2966 1954 3001 achomos

239 3031 294 3062 27.
323 3021 554 3072 stupefactus
580 3030 592 3073 11
618 3031 673 3064 30,
701 3028 833 3074 segitis
856 3031 860 3073 1
884 3029 1029 3065 calamo
1056 3041 1100 3064 ea:
1126 3027 1247 3061 clamo
1274 3038 1365 3062 corr.
1393 3027 1405 3071 11
1437 3028 1491 3060 34.
1517 3024 1694 3070 peritiam
1719 3026 1730 3070 11
1762 3029 1818 3062 40.
1846 3026 1990 3071 aliquo-

240 3085 341 3121 ciens
372 3087 384 3131 11
415 3089 471 3122 43.
497 3086 751 3122 iterfacientes
779 3090 784 3132 1
