2221 3490
257 140 344 181 660

316 252 365 291 ut
398 253 464 291 est
496 249 718 303 nudosque
760 249 970 304 lupercos.
1016 263 1114 291 cum

317 320 432 362 enim
464 320 507 362 in
540 320 703 362 honore
735 335 872 375 panos
912 320 1017 362 haec
1051 335 1114 362 so-

316 391 519 434 lemnitas
554 395 756 448 ageretur
787 406 945 447 pecora
977 406 1113 434 roma·

314 478 471 506 norum
499 464 646 511 subito
669 479 693 506 a
713 464 960 506 latronibus
987 466 1112 518 rapta

317 538 418 576 sunt
451 536 516 577 illi
548 536 756 590 proiectis
789 536 986 577 uestibus
1018 551 1109 590 per-

317 607 453 649 secuti
481 610 582 648 sunt
609 608 814 648 latrones.
858 607 1014 662 quibus
1043 622 1114 662 op-

315 678 476 732 pressis
523 681 566 720 et
615 679 800 734 receptis
852 678 1113 720 animalibus

316 751 494 804 propter
521 764 612 790 rem
634 750 785 792 anudis
811 766 1017 806 prospere
1046 765 1114 806 ge-

317 824 431 863 stam
474 822 740 863 consuetudo
783 823 1024 877 permansit
1065 825 1114 863 ut

315 893 419 934 nudi
451 893 687 948 lupercalia
720 894 989 936 celebrarent

937 140 1000 174 DE
1026 139 1321 175 LATINITATE

1153 249 1321 291 Medius
1365 250 1494 291 fidius
1540 250 1785 306 significare
1835 250 2008 293 uidetur

1213 321 1325 363 iouis
1375 322 1492 363 filius
1543 321 1656 363 idest
1711 322 1908 363 hercules
1958 337 2008 364 eo

1213 394 1327 449 quod
1359 393 1503 435 iouem
1537 408 1662 449 grece
1690 393 1760 435 dia
1787 394 2009 448 appellant

1210 468 1253 507 et
1279 480 1358 507 nos
1386 465 1529 507 iouem
1557 481 1605 507 ac
1631 465 1782 507 fidium
1812 479 1891 520 pro
1918 465 2008 507 filio

1214 538 1328 593 quod
1367 552 1467 593 sepe
1500 540 1629 579 antea
1661 538 1708 578 ·l·
1742 536 1891 578 littera
1928 551 2008 591 pro

1211 609 1237 650 d
1268 609 1506 651 utebantur
1545 609 1720 663 quidam
1760 608 2010 650 existimant

1210 679 1511 722 iusiurandum
1538 695 1631 723 esse
1658 695 1735 735 per
1761 680 1851 722 diui
1878 680 2009 722 fidem

1213 751 1388 807 quidam
1408 767 1485 807 per
1504 752 1646 794 diurni
1666 752 1877 808 temporis
1898 752 2010 795 idest

1213 823 1376 878 perdici
1409 824 1538 866 fidem
1556 822 1587 881 1)

776 1171 893 1218 VIII
961 1173 1043 1219 DE
1090 1173 1489 1220 LATINITATE

894 1264 988 1309 (cod.
1016 1264 1173 1310 Neapol.
1201 1264 1375 1310 charisii)

257 1357 406 1401 Ardua
439 1374 506 1401 res

258 1430 418 1472 Anima
449 1433 525 1472 tua
558 1432 671 1486 quod
708 1433 829 1487 cupit

259 1503 477 1557 Antiquae
509 1503 744 1545 uetustatis
778 1503 918 1545 instar

257 1574 493 1616 Abdomini
525 1577 654 1616 natus

223 1659 238 1685 5
257 1645 514 1702 Antiquitus
548 1647 759 1688 traditum

258 1718 503 1761 Auaritiam
536 1733 639 1774 prae
673 1733 717 1760 se
749 1718 836 1760 fert

258 1790 370 1832 Aere
398 1790 539 1832 alieno
568 1793 750 1832 onustus
777 1794 820 1832 et
848 1795 1115 1847 aggrauatus

264 1862 402 1903 Anilis
435 1862 594 1917 gradus

259 1933 472 1975 Adhibita
504 1948 657 1975 manus
730 1953 734 1956 ·

206 2019 238 2043 10
261 2007 416 2046 Annua
446 2008 550 2046 uota

260 2077 442 2118 Annalis
476 2076 601 2118 labor

257 2146 499 2202 Auspicato
531 2149 728 2202 procedit

260 2218 490 2260 Actionem
524 2220 731 2262 aduersus
765 2236 863 2263 eum
896 2223 1090 2266 instituit

260 2291 443 2333 Addiem
474 2292 698 2346 respondit

208 2376 239 2402 15
259 2363 392 2404 Amat
424 2363 630 2418 perditim
664 2367 706 2405 et
739 2365 905 2419 perdite

258 2435 419 2476 Amore
452 2435 611 2490 flagrat

259 2506 396 2547 Ardet
429 2506 595 2547 inuidia

260 2578 485 2632 Ampliare
518 2578 724 2619 iudicium

261 2649 372 2690 Aere
406 2649 546 2690 alieno
581 2649 784 2691 uacillat‘

208 2736 241 2759 ευ
262 2720 447 2762 Anclare
480 2723 658 2774 paratus
693 2736 786 2762 sum

262 2792 457 2833 Acumen
492 2792 763 2845 eloquentiae

262 2863 492 2919 Angustiis
526 2878 757 2918 oppressus

266 2935 502 2976 Auersione
536 2935 696 2976 emitur

1154 1362 1406 1404 Absurdum
1440 1365 1483 1404 et
1516 1363 1764 1405 absentium
1796 1363 1970 1406 uidetur

1154 1434 1346 1476 Auribus
1378 1435 1542 1476 nostris
1577 1437 1725 1477 oratus
1740 1433 1775 1490 2)

1152 1505 1401 1548 Ambitiose
1433 1505 1598 1547 iudicat

1153 1577 1222 1619 Ad
1254 1578 1465 1633 liquidum
1499 1577 1703 1632 perduxit

2032 1441 2065 1467 25

1157 1649 1422 1691 Abstrusum
1453 1648 1787 1704 inuolutumque

1155 1721 1195 1762 A
1226 1721 1368 1776 primo
1401 1721 1543 1776 lapide

1158 1792 1357 1834 Affabilis
1389 1793 1521 1834 homo

1153 1863 1314 1918 Ampla
1347 1879 1477 1906 manu

1154 1936 1223 1978 Ab
1256 1935 1432 1978 ineunte
1466 1939 1608 1978 aetate

2032 1803 2067 1827 30

1154 2078 1290 2122 Breui
1324 2079 1462 2121 creuit

1155 2151 1278 2193 Bello
1312 2151 1582 2193 interneciuo

1154 2222 1272 2264 Bene
1305 2223 1355 2264 de
1389 2237 1455 2263 me
1490 2223 1671 2264 meritus

1154 2293 1278 2336 Bono
1312 2294 1457 2336 animo
1491 2296 1557 2335 est

2032 2232 2066 2258 35

1158 2436 1338 2491 Copiam
1371 2437 1437 2478 sui
1469 2452 1556 2479 non
1589 2438 1768 2493 praebet

1156 2507 1313 2550 Cetera
1345 2511 1546 2566 egregius

1157 2578 1237 2621 Cui
1271 2581 1465 2622 succurri
1497 2581 1617 2623 uolet

1157 2650 1288 2693 Cultu
1321 2666 1450 2706 quam
1487 2652 1726 2695 miserabili

1157 2721 1297 2765 Citius
1324 2726 1495 2779 tempus
1520 2739 1649 2779 quam
1677 2725 1816 2766 oratio
1843 2723 2013 2766 deficiet

1157 2793 1346 2836 Consors
1380 2796 1504 2837 labor
1535 2799 1652 2838 meat
1667 2794 1700 2850 3')

1157 2865 1481 2923 Continuatis4)
1515 2867 1660 2908 uerbis

1158 2935 1328 2979 Candor
1361 2938 1494 2979 animi
1528 2938 1592 2980 tui

2032 2666 2068 2690 40

362 3066 395 3107 1)
430 3064 590 3109 reliquas
616 3064 752 3110 (flassas
777 3067 994 3101 minuendas
1019 3078 1090 3102 esse
1110 3068 1244 3112 putavi
1276 3067 1287 3111 ΙΙ
1319 3068 1355 3111 2)
1388 3067 1533 3113 oratus]
1559 3078 1580 3102 o
1606 3068 1747 3103 incerta
1783 3069 1795 3112 ΙΙ
1826 3069 1863 3114 3)
1894 3068 2013 3114 meat]

265 3133 310 3156 ea
336 3123 502 3158 incertae.
531 3122 701 3158 laborum
728 3125 807 3159 est?
851 3127 861 3170 ΙΙ
906 3128 940 3170 4)
972 3125 1080 3161 tinua
1105 3128 1264 3163 incertae
1306 3129 1318 3172 ΙΙ
