2221 3490
217 144 302 185 526
614 141 872 176 EXCERPTA
897 141 962 176 EX
989 140 1163 176 CODICE
1190 140 1440 177 VATICANO
1469 145 1560 176 1469

216 250 444 308 Sciniphes
484 266 620 307 genus
655 251 842 293 culicum
876 253 943 293 est
975 251 1073 293 fixis
1172 252 1502 294 tabernaculum
1534 251 1659 293 funes
1693 252 1809 294 enim
1846 252 1973 296 facie-

274 324 434 366 aculeis
454 323 769 378 permolestum
785 339 892 379 quas
913 323 1073 380 uulgus
1171 325 1250 366 bat
1281 324 1420 380 ipsius

273 395 501 438 consueuit
533 410 690 437 uocare
722 395 911 437 zinzalas

214 468 412 510 Simones
447 467 594 509 delfini
1114 467 1414 510 Thaumantia
1446 483 1571 511 arcus
1604 469 1745 524 incelo

146 568 148 572 »
213 538 374 582 Succus
410 539 625 581 calceolus
1112 540 1331 583 Trocheos
1368 540 1481 583 citus
1730 530 1732 533 Ι

213 611 531 654 Salutatorium
558 611 680 653 locus
702 613 768 653 est
790 611 1073 654 salutationis
1112 612 1325 668 Tanaquil
1359 628 1469 654 uxor
1501 613 1724 655 cuiusdam

175 698 190 721 5
213 683 393 726 Sinarus
425 682 617 725 uiciosus
1113 684 1303 726 Therion
1336 699 1462 741 grece
1495 687 1681 724 OHPION
1712 684 1847 727 latine
1881 684 1974 727 fera
1995 697 2028 722 25

212 754 338 812 Stigo
372 755 596 811 distinguo
1173 758 1271 799 inde
1304 757 1500 800 theriaca
1532 757 1648 813 quod
1680 756 1875 799 feraliter
1908 770 1974 798 oc-

211 827 491 870 Sancanissat
522 827 686 881 letatur
718 827 963 882 triumphat
1172 829 1278 871 cidit

212 899 394 942 Sardare
445 898 702 954 intellegere
753 899 908 941 neuius
958 900 1073 955 quod
1110 900 1322 944 Tarichus
1356 902 1498 944 salsus

269 972 389 1014 bruti
422 970 597 1013 sardare
634 974 857 1026 nequeunt
1110 972 1260 1015 Trauli
1294 974 1363 1016 uel
1397 973 1503 1015 truli
1536 961 1647 1015 blesi

211 1044 365 1087 Sarma
413 1043 546 1085 umbo
598 1043 719 1098 pelta
776 1046 948 1085 scutum
999 1043 1072 1086 cli-
1111 1044 1315 1102 Tristega
1348 1046 1630 1088 tricamerata

267 1132 398 1172 peum
1111 1116 1249 1159 Toros
1283 1120 1425 1159 strata
1457 1133 1509 1159 ex
1540 1117 1689 1160 herbis

157 1204 189 1227 10
211 1188 394 1231 Satelles
415 1187 617 1229 minister
635 1187 847 1229 scelerum
869 1188 1071 1243 princeps
1109 1187 1252 1230 Triari
1284 1189 1421 1231 tercio
1454 1189 1551 1231 loco
1584 1188 1630 1230 in
1663 1189 1855 1231 exercitu
1991 1201 2026 1226 30

269 1261 408 1303 malus
442 1259 633 1315 armiger
666 1259 955 1301 buccellarius
1006 1248 1013 1255 ¹
1110 1259 1376 1303 Toreumata
1406 1276 1512 1303 uasa
1545 1276 1628 1316 que
1662 1260 1782 1303 intor
1812 1275 1972 1302 norasa

210 1332 343 1375 Stiria
375 1334 504 1389 gutta
537 1331 684 1387 gelata
1170 1336 1273 1375 sunt

210 1404 427 1447 Stirillum
461 1418 588 1458 capre
621 1403 759 1445 barba
1109 1404 1311 1448 Tribules
1345 1405 1528 1448 curiales

210 1476 446 1533 Segmenta
477 1475 616 1517 uestis
650 1474 845 1517 mulieris
873 1475 991 1517 laute
1024 1475 1070 1517 in
1108 1476 1325 1520 Titienses
1359 1478 1540 1534 clangor

267 1548 466 1590 interiori
497 1550 621 1602 parte
1108 1548 1408 1592 Tifucaribdes
1441 1549 1661 1605 principes

209 1620 464 1663 Scotomata
496 1619 691 1675 uirgines
1107 1620 1366 1676 Tripudium
1397 1621 1599 1663 hilaritas
1634 1621 1843 1677 gaudium
1989 1632 2024 1658 35

155 1706 187 1731 15
209 1692 334 1736 Stola
366 1691 524 1747 penula
556 1691 626 1733 uel
660 1706 816 1733 acerna
848 1694 954 1747 toga
987 1692 1069 1732 cla·
1107 1692 1328 1735 Threnum
1375 1696 1443 1736 est
1490 1708 1664 1736 carmen
1706 1692 1889 1736 lamenti
1927 1695 1971 1734 et

267 1765 349 1807 mis
383 1763 560 1819 peplum
581 1763 910 1818 pladamentum
931 1763 1069 1804 uestis
1168 1764 1333 1808 funeris

264 1837 372 1879 leria
413 1835 595 1891 pallium
629 1835 808 1890 planeta
848 1836 1070 1878 indumen·
1108 1836 1396 1880 Traducimur
1429 1838 1742 1893 depompamus

265 1913 360 1951 tum
1108 1907 1276 1950 Thassa
1309 1908 1529 1966 amigdala

210 1980 460 2037 Super-escit
491 1994 622 2034 super
654 1982 721 2021 est
1107 1980 1240 2022 Testa
1272 1984 1404 2036 caput
1434 1981 1507 2023 uel
1538 1996 1616 2023 uas
1648 1981 1784 2023 fictile

208 2052 346 2109 Supat
380 2052 483 2094 iacit
518 2051 628 2093 unde
656 2051 840 2107 dissipat
868 2051 997 2094 discit
1025 2055 1068 2093 et
1107 2052 1368 2094 Trichorum
1410 2053 1503 2095 siue
1545 2052 1804 2095 trichorium
1836 2052 1967 2106 ‘locus
1988 2065 2024 2089 40

268 2126 415 2167 obstat
443 2124 580 2166 obicit
607 2126 650 2165 et
679 2123 860 2178 insipiat
891 2123 975 2165 hoc
1001 2126 1068 2165 est
1166 2125 1338 2180 prandii

265 2197 390 2239 inicit
1106 2196 1316 2239 Triclinia
1349 2196 1561 2239 cubitalia

207 2268 371 2325 Suopte
394 2268 459 2310 sui
482 2268 577 2310 med
599 2267 736 2323 ipsius
758 2267 872 2310 sicut
893 2270 1067 2323 meopte
1106 2269 1303 2311 Tabellio
1338 2268 1525 2323 scriptor
1553 2269 1752 2311 notarius

266 2342 351 2383 mei
385 2341 482 2383 med
516 2340 653 2395 ipsius
687 2343 840 2396 tuopte
872 2340 939 2381 tui
971 2339 1068 2381 med
1108 2340 1283 2382 Thaiuli
1309 2339 1548 2382 effeminati
1573 2340 1643 2382 uel
1670 2340 1872 2383 illusores
1894 2341 1969 2397 qui

265 2414 402 2469 ipsius
1168 2427 1213 2454 se
1247 2414 1419 2454 mutant
1451 2415 1501 2453 ut
1534 2412 1822 2468 turpitudinis
1853 2428 1969 2455 exer—

207 2484 489 2528 Sublustrum
508 2499 597 2527 non
625 2484 802 2527 omnino
823 2482 1068 2526 tenebrico-
1167 2487 1292 2526 ceant
1323 2484 1441 2526 uices

267 2573 363 2600 sum
385 2558 459 2600 sed
474 2557 675 2599 umbram
695 2556 861 2598 habens
884 2554 1067 2597 alicuius
1105 2556 1337 2598 Talentum
1361 2556 1504 2598 minus
1522 2556 1593 2598 uel
1615 2557 1864 2599 medianum
1883 2556 1967 2600 hoc

265 2629 452 2685 fulgoris
1166 2632 1233 2671 est
1297 2629 1532 2671 secundum
1594 2643 1799 2671 romanos
1856 2628 1967 2683 libre

152 2713 187 2739 20
208 2700 362 2744 Sincus
405 2699 566 2742 animal
608 2714 733 2742 croco
776 2700 881 2741 dillo
925 2699 1067 2741 simile
1166 2713 1297 2742 LXXII
1330 2700 1469 2743 maius
1502 2699 1613 2754 libre
1646 2702 1749 2742 sunt
1782 2712 1808 2743 C

267 2774 341 2815 sed
387 2772 556 2814 modica
599 2772 742 2813 forma
785 2774 829 2813 et
881 2773 1069 2828 angusta
1106 2772 1377 2815 Tabellarius
1415 2772 1608 2827 portitor
1646 2771 1830 2827 epistole
1865 2772 1967 2827 quia
1986 2784 2020 2809 45

267 2860 318 2886 ex
361 2844 431 2886 his
476 2844 675 2886 inficiunt
712 2844 870 2898 pocula
911 2843 1068 2898 quibus
1166 2844 1287 2900 prius
1333 2859 1464 2899 quam
1509 2844 1658 2886 charte
1700 2847 1845 2885 essent
1891 2846 1967 2885 aut

267 2916 537 2972 extinguitur
551 2915 619 2957 uis
633 2914 790 2957 ueneni
804 2912 895 2972 (eni
908 2915 954 2956 in
964 2913 1068 2970 ras.)
1166 2930 1428 2972 pergamene
1449 2915 1495 2957 in
1516 2914 1679 2957 tabulis
1700 2915 1859 2972 ligneis
1881 2915 1967 2970 epi-

210 2987 536 3030 Scenofactoria
580 3002 631 3029 ex
673 3001 802 3043 greco
845 2989 889 3028 et
929 2985 1067 3028 latino
1167 2988 1279 3042 stole
1317 2987 1620 3030 scribebantur

268 3059 558 3114 compositum
602 3058 726 3114 quasi
768 3057 1068 3100 tabernaculo·
1105 3059 1291 3102 Taxiota
1330 3058 1528 3102 officialis
1563 3059 1667 3102 ordo
1707 3059 1821 3102 acies
1854 3059 1966 3100 mili-

266 3146 362 3173 rum
388 3131 573 3173 factoria
600 3146 724 3185 scene
751 3145 905 3186 graece
932 3130 1067 3172 latine
1166 3135 1261 3174 tum
1293 3132 1364 3174 uel
1396 3134 1541 3174 turma
