2221 3490
667 142 881 179 GLOSSAE
908 142 1092 178 CODICIS
1118 143 1244 179 LEID.
1271 143 1402 179 VOSS.
1429 142 1535 178 LAT.
1564 147 1608 179 88
1930 143 2014 185 657

437 339 530 387 VII
587 338 867 387 GLOSSAE
907 337 1150 386 ooDIOIS
1189 339 1354 387 LEID.
1393 338 1560 386 Voss,
1600 339 1741 386 LAT.
1781 341 1838 388 88

258 467 523 512 Aeuiternus
557 471 759 511 aeternus
793 468 920 522 ineuo
1157 467 1420 510 Portentum
1447 469 1606 510 dicitur
1634 470 1748 525 quod
1775 484 1905 525 porro
1938 485 2019 512 nos

260 539 376 582 Suda
403 541 613 583 serenitas
643 541 759 583 clara
790 543 892 595 post
923 538 1119 594 pluuiam
1219 540 1382 596 dirigat
1394 541 1588 595 uelquod
1600 542 2020 598 portendatlongius

257 611 473 655 Profanus
507 613 631 668 quasi
664 626 795 667 porro
830 626 855 652 a
885 611 987 653 fano
1157 610 1230 653 Ius
1273 611 1424 654 feciale
1469 613 1630 654 dicitur
1668 614 1783 668 quod
1822 629 1846 655 a
1885 628 2022 655 sacer-

257 683 442 726 Missum
476 684 705 726 dimissum
1219 682 1396 725 dotibus
1431 685 1685 726 sumebatur

221 768 237 794 5
257 756 491 811 Dispescat
524 756 657 797 distet
1158 754 1366 797 Afflictus
1398 756 1644 810 ponebatur
1674 757 1908 812 aliquando
1941 771 2020 812 pro

258 827 490 870 Subsiciua
522 842 750 869 renascens
1219 828 1327 868 flatu
1359 827 1552 870 fluminis
1586 831 1731 870 tactus

256 897 441 954 Campse
475 898 826 941 conuertibiliter
1158 899 1425 955 Profligatus
1460 901 1696 942 subuersus
2042 915 2076 939 30

259 971 503 1028 Suggestus
537 971 730 1012 eminens
763 971 884 1012 locus
1159 971 1424 1014 Decoctores
1453 976 1555 1014 sunt
1584 973 1658 1028 qui
1685 971 1893 1014 simulata
1919 987 2022 1027 pau-

254 1043 437 1098 Equitio
472 1058 684 1098 equorum
716 1043 915 1098 preuisor
1217 1047 1389 1099 pertate
1416 1046 1587 1099 partem
1614 1044 1752 1086 debiti
1779 1044 1958 1086 soluunt
1978 1046 2022 1085 et

202 1129 235 1153 10
255 1116 460 1171 Busequa
490 1116 623 1157 boum
656 1115 855 1170 preuisor
1217 1116 1261 1158 in
1314 1119 1458 1158 totum
1505 1117 1672 1171 accepti
1723 1116 1893 1158 ratione
1945 1130 2022 1170 per

255 1188 414 1243 Allego
448 1187 582 1230 offero
1218 1188 1415 1230 fraudem
1443 1189 1742 1230 deliberantur
1763 1191 1807 1229 et
1835 1187 2020 1229 infames

256 1258 523 1315 Symposion
543 1274 697 1316 graece
717 1260 850 1301 latine
867 1259 1116 1301 conuiuium
1218 1259 1468 1302 efficiuntur
1500 1260 1597 1302 ideo
1624 1261 1876 1302 decoctores
1905 1260 2019 1315 quod

315 1332 475 1374 dicitur
1216 1347 1433 1374 summam
1454 1332 1591 1373 debiti
1608 1332 1856 1387 decoquunt
1871 1347 2025 1373 aurum

255 1403 488 1445 Prouincia
522 1404 755 1459 aliquando
788 1419 868 1458 pro
895 1406 1116 1458 potestate
1216 1404 1329 1445 enim
1348 1419 1446 1446 cum
1461 1404 1665 1459 coquitur
1689 1403 1901 1445 minuitur
1916 1418 2020 1459 ergo

314 1476 527 1531 accipitur
1219 1476 1344 1531 quasi
1378 1476 1636 1531 decoquitur
1664 1475 1861 1517 debitum
1894 1490 2022 1532 nega-

256 1547 552 1602 Extispicium
585 1550 785 1589 extarum
818 1547 1034 1602 inspectio
1218 1549 1337 1590 tione
1371 1547 1584 1590 debitoris

204 1634 236 1659 15
257 1619 460 1661 Bidental
495 1619 759 1661 sacrificium
787 1634 838 1661 ex
868 1620 1121 1661 bidentibus
1163 1619 1476 1662 Vadimonium
1491 1636 1541 1662 ex
1558 1620 1873 1675 compromisso
1895 1620 1921 1662 d
1943 1617 2024 1677 (de-

257 1691 379 1733 Adeo
421 1692 602 1734 uerbum
644 1706 723 1747 pro
764 1692 953 1746 suscipio
993 1692 1123 1733 inter-
1223 1693 1303 1735 leta
1334 1691 1499 1750 postea)
1541 1692 1750 1734 iudicium
1793 1692 1867 1747 qui
1909 1691 2025 1734 enim

317 1764 419 1805 dum
453 1764 634 1819 ponitur
1222 1780 1311 1807 non
1351 1765 1611 1807 oboediebat
1650 1764 1809 1806 iudicio
1848 1763 2024 1806 infamis

258 1835 410 1878 Robus
444 1851 589 1878 massa
622 1835 793 1890 plumbi
1221 1837 1593 1892 pronuntiabatur

257 1907 407 1950 Salum
451 1922 568 1949 mare
618 1910 662 1949 et
703 1907 978 1963 intellegitur
1020 1908 1120 1949 flue·
1163 1909 1287 1965 Nepa
1339 1910 1498 1952 dicitur
1549 1909 1745 1965 scorpius
1793 1908 1866 1963 qui
1917 1908 2024 1951 facit

312 1981 453 2022 tuatio
1221 1982 1336 2023 filios
1359 1982 1569 2024 ducentos
1592 1982 1664 2037 qui
1687 1995 1836 2023 omnes
1861 1996 1905 2022 se
1927 1995 2024 2023 con-

254 2051 417 2094 Genius
449 2067 609 2094 nomen
640 2052 869 2106 proprium
903 2051 971 2092 dei
1223 2056 1402 2096 sumunt
1443 2058 1488 2096 et
1531 2070 1642 2097 unus
1688 2051 1884 2098 remanet
1928 2068 2024 2109 pro-

199 2138 234 2163 20
253 2124 471 2180 Apagesis
505 2125 682 2180 <grecum
715 2126 782 2166 est
821 2126 865 2165 et
897 2123 1118 2179 significat
1223 2129 1374 2181 pterea
1402 2127 1475 2182 qui
1508 2141 1576 2168 res
1611 2142 1711 2168 suas
1739 2127 1922 2168 deuorat
1952 2117 2023 2168 ne-

312 2196 485 2237 dimitte
519 2195 690 2238 discede
723 2196 792 2238 uel
827 2210 947 2238 cessa
1215 2213 1294 2253 pos
1328 2199 1488 2241 dicitur

251 2267 404 2310 Runco
439 2268 616 2310 abscido
1157 2270 1429 2313 Inficiatores
1480 2271 1588 2312 lenti
1648 2273 1749 2312 sunt
1801 2271 1875 2326 qui
1931 2286 2020 2313 non

251 2339 488 2395 Ephyppia
535 2339 678 2397 (prior
708 2356 735 2396 p
767 2344 912 2394 postea
950 2339 1115 2397 addita)
1217 2343 1349 2385 semel
1382 2345 1548 2399 negant
1580 2342 1777 2385 debitum
1811 2343 1885 2384 sed
1917 2358 2020 2398 pau-

313 2414 570 2454 ornamenta
602 2427 842 2468 aequorum
1213 2415 1340 2457 latim
1373 2415 1608 2457 differendo
1642 2416 1696 2457 ad
1727 2414 2017 2457 nouissimum

253 2482 418 2538 Schede
459 2484 663 2526 dicuntur
703 2500 784 2540 que
827 2485 1014 2528 necdum
1052 2501 1114 2528 re-
1213 2491 1456 2544 pernegant

311 2556 435 2611 dacte
457 2558 558 2598 sunt
584 2556 629 2598 in
648 2556 773 2599 libris
795 2558 869 2599 sed
895 2558 1113 2601 habentur
1153 2558 1329 2601 Lucana
1347 2574 1453 2602 cena
1471 2574 1552 2615 que
1574 2575 1709 2615 prope
1731 2559 1845 2601 diem
1866 2560 2018 2601 finitur
2037 2573 2071 2599 35

314 2630 358 2669 et
391 2628 677 2669 emendantur
709 2628 751 2669 in
787 2629 950 2672 chartis
1153 2631 1320 2674 Cohors
1347 2632 1571 2687 praetoria
1599 2630 1663 2689 (eac
1689 2630 1933 2687 praeterea)
1958 2631 2016 2672 di-

252 2698 492 2742 Seuocator
514 2699 589 2755 qui
615 2700 660 2741 in
685 2699 936 2744 libertatem
962 2717 1112 2745 seruos
1214 2704 1327 2746 citur
1360 2720 1442 2760 que
1477 2705 1592 2747 circa
1623 2706 1873 2759 praetorem
1904 2703 2014 2746 facit

310 2773 441 2813 uocat
799 2771 800 2774 ¹
1151 2775 1361 2818 Petulans
1389 2779 1457 2819 est
1482 2791 1534 2818 ex
1565 2775 1709 2817 animo
1737 2790 1788 2817 ex
1816 2775 2014 2817 moribus

195 2856 229 2881 25
250 2842 501 2884 Monstrum
558 2843 791 2899 aliquando
848 2845 895 2886 in
951 2846 1111 2888 bonam
1212 2863 1263 2889 ex
1296 2862 1478 2904 corpore
1511 2848 1739 2904 inpudicus

311 2917 483 2969 partem
511 2915 724 2970 accipitur
751 2918 795 2957 et
827 2913 949 2974 (corr.
970 2918 1018 2960 in
1042 2916 1112 2975 ut)
1151 2919 1367 2962 Excursio
1389 2920 1549 2962 dicitur
1570 2919 1796 2975 praedatio
1819 2920 2014 2962 hostium

311 2985 446 3042 Virgi
479 2989 676 3029 monstra
708 2988 836 3041 deum
868 2989 1008 3032 refero
1214 2993 1385 3047 quando
1438 2992 1605 3047 equites
1657 2992 1870 3034 inuadunt
1917 3007 2013 3048 pos-

251 3057 509 3115 Prodigium
530 3062 677 3101 autem
698 3075 869 3116 semper
888 3061 933 3103 in
949 3063 1113 3104 malum
1213 3064 1430 3107 sessiones
1473 3067 1517 3105 et
1562 3063 1731 3106 faciunt
1774 3065 1930 3120 predas
1970 3068 2014 3107 et

309 3131 490 3186 ponitur
1211 3135 1388 3192 fugiunt

323 3206 411 3239 eorp.
432 3209 524 3241 gloss,
542 3208 596 3234 lat.
616 3210 688 3235 tom.
703 3209 740 3235 V.
1677 3210 1721 3242 42
