2175 3428
698 120 957 156 EXCERPTA
982 121 1047 157 EX
1072 121 1216 157 LIBRO
1244 121 1536 158 GLOSSARVM
1908 125 1994 167 229

240 231 453 288 Oleagina
485 230 609 273 radix
636 231 750 273 oliue
776 231 980 288 uirgilius
1013 234 1097 274 tra·
1136 231 1271 274 Orbia
1302 232 1531 275 fiffarunda

297 304 440 347 diture
467 304 582 347 sicco
602 304 725 346 radix
750 305 952 361 oleagina
977 304 1098 361 ligna
1136 303 1291 347 Orbita
1323 307 1463 347 strata
2014 322 2048 347 25

298 375 413 434 (om.)
1136 375 1326 419 Oreades
1364 376 1542 433 nimphe
1580 382 1682 420 sunt
1715 394 1740 421 a
1771 379 1995 421 montibus

237 447 396 491 Oleene
429 449 605 491 oleneus
644 449 696 490 ad
729 464 855 504 quem
892 449 1095 505 Uirgilius
1195 449 1501 504 cognominate
1528 450 1640 492 sicut
1660 450 1822 492 triades
1850 451 1904 492 ab
1931 466 1995 492 ar-

295 520 490 576 loquitur
521 535 600 575 pro
634 520 780 562 omnia
813 535 973 576 genera
1004 520 1095 562 fru-
1194 519 1372 561 boribus

295 607 399 648 gum
434 590 550 649 (om.)
1135 591 1324 633 Oreades
1345 591 1546 646 nimphas
1569 594 1782 637 montium
1798 610 1871 637 ore
1893 595 1994 637 ades

236 664 325 706 Olli
356 664 423 706 illi
457 662 572 721 (om.)
1192 663 1354 720 pagani
1387 663 1591 707 dixerunt

235 736 322 779 Olli
342 735 405 778 ibi
424 736 644 778 interdum
664 737 730 778 illi
751 738 821 779 uel
842 737 963 781 illinc
977 736 1093 795 (om.)
1134 736 1275 779 Ornos
1298 736 1464 792 species
1486 737 1655 779 arboris
1675 738 1876 794 uirgilius
1898 755 1995 795 sup-

196 823 212 849 5
233 807 337 850 Ollu
368 807 434 849 illi
467 810 543 850 aut
575 807 643 850 cui
676 811 753 850 aut
785 811 889 852 tunc
923 807 1040 867 (om.)
1191 808 1374 864 pedibus
1425 811 1588 851 terram
1638 812 1682 852 et
1737 811 1993 853 descendere

232 879 399 922 Olimat
430 879 633 935 limpidat
666 879 782 937 (om.)
1192 880 1417 922 montibus
1451 895 1581 922 ornos
1615 879 1905 939 (Hieronymi)

232 950 377 994 Olitor
409 952 634 995 ortulanus
669 950 786 1009 (om.)
1133 951 1347 994 Oroatata
1392 953 1688 1009 cappadocum
1732 954 1883 1011 lingua
1933 956 1994 997 iu-

231 1023 517 1067 Olocaustum
555 1027 700 1067 totum
739 1025 965 1068 incensum
999 1040 1093 1081 gre·
1189 1024 1288 1067 nius
1322 1023 1482 1067 mensis
1511 1025 1671 1068 dicitur
1703 1024 1991 1083 (Hieronymi)

291 1113 389 1140 cum
421 1100 489 1140 est
525 1097 609 1140 hoc
646 1097 744 1140 ideo
778 1098 881 1154 quia
918 1099 1091 1155 integra
1129 1095 1317 1140 Orticuh‘
1362 1097 1554 1139 ortulani
1603 1101 1748 1140 ortum
1800 1099 1990 1143 colentes
2012 1112 2047 1137 30

289 1169 438 1211 hostia
481 1168 618 1228 ignil)
663 1169 827 1213 tradita
869 1185 1091 1213 consume·
1191 1167 1353 1226 (γίνῃ.)

289 1241 420 1284 batur
452 1240 567 1297 (om.)
1130 1241 1367 1283 Osamanai
1406 1242 1702 1297 cappadocum
1741 1243 1893 1300 lingua
1934 1244 1992 1286 fe-

230 1313 490 1356 Omentrum
524 1314 706 1371 auguria
738 1314 905 1357 maiora
936 1313 1052 1372 (om.)
1188 1313 1388 1356 broarius
1421 1314 1583 1356 mensis
1616 1314 1776 1357 dicitur
1807 1314 1930 1373 (Cic.)

176 1411 208 1435 10
229 1384 464 1427 Omentum
497 1401 655 1442 mappa
687 1387 854 1429 uentris
889 1385 1006 1443 (om.)
1129 1385 1351 1428 Oscitacio
1379 1385 1466 1428 oris
1500 1387 1668 1442 apertio
1695 1387 1766 1429 uel
1793 1388 1989 1430 extensio

228 1456 397 1500 Omitta
431 1458 641 1500 obuoluta
673 1457 791 1516 (om.)
1129 1456 1381 1500 Oscitantes
1414 1458 1729 1513 patefacientes
1763 1475 1839 1503 ora

228 1532 404 1588 Onager
435 1532 582 1574 asinus
616 1531 842 1575 siluaticus
1128 1528 1346 1572 Oscitauit
1379 1544 1426 1572 os
1459 1530 1630 1587 aperuit

227 1603 432 1660 Oppanso
467 1604 638 1647 obiecto
673 1607 853 1648 extenso
1128 1601 1273 1644 Ostire
1307 1616 1465 1658 equare
1498 1602 1766 1662 (Auyzcstini)
2008 1615 2042 1641 35

227 1677 482 1733 Oppansum
525 1677 648 1718 uelut
691 1677 737 1718 in
782 1692 926 1720 scema
972 1679 1088 1733 quod
1127 1673 1275 1717 Ouans
1309 1675 1511 1718 exultans
1543 1676 1613 1718 uel
1647 1677 1840 1733 gaudens

285 1748 474 1804 undique
506 1749 714 1804 panditur
1127 1746 1241 1789 Ouat
1273 1748 1457 1790 bacatur
1489 1746 1613 1790 exilit
1645 1749 1856 1792 excrescit

173 1842 206 1868 15
227 1821 589 1877 Opperimentum
622 1821 864 1876 expectatio
1049 1876 1052 1878 -
1126 1818 1276 1861 Ozirat
1291 1819 1478 1862 sirorum
1498 1820 1649 1877 lingua
1662 1820 1806 1864 iunius
1824 1823 1986 1865 mensis

226 1894 508 1950 Operimenta
541 1894 787 1948 expectatio
1186 1891 1346 1934 dicitur
1379 1891 1524 1949 (Isia)

226 1966 493 2023 Opperolato
527 1966 647 2008 clusa
678 1981 755 2021 per
788 1966 893 2009 solis
920 1967 1086 2009 dictum

225 2038 406 2094 Oppilat
439 2038 626 2080 obdurat
660 2039 856 2082 obcludit

225 2110 488 2166 Opinatores
536 2110 819 2153 extimatores
869 2112 939 2154 uel
991 2114 1084 2154 arte
1122 2107 1370 2151 Pabulator
1388 2111 1540 2165 pastor
1555 2108 1630 2165 qui
1650 2110 1805 2165 prebet
1824 2112 1986 2166 pabula

284 2182 497 2225 militares
1123 2180 1354 2224 Pacatorio
1388 2182 1656 2237 plantatorio
2004 2195 2039 2221 40

168 2275 202 2300 ρο
223 2253 458 2311 opipara2)
498 2255 747 2298 conuiuiam
786 2257 940 2312 opidus
979 2272 1085 2312 para
1123 2253 1258 2296 Paces
1308 2253 1540 2309 pluraliter
1584 2255 1725 2298 dicere
1778 2256 1983 2299 debemus

281 2327 335 2369 ab
370 2327 593 2382 opulentia
1183 2326 1298 2368 sicut
1329 2341 1463 2382 panes

223 2398 471 2454 Opitularia
504 2400 690 2442 aucxilia
1120 2397 1268 2441 Paeon
1301 2399 1608 2456 aegyptiorum
1646 2399 1798 2456 lingua
1831 2400 1982 2456 aprilis

221 2470 420 2526 Optunsa
452 2471 589 2514 stulta
619 2472 690 2514 uel
722 2472 883 2515 stolida
1181 2471 1343 2514 mensis
1376 2471 1537 2514 dicitur
1571 2470 1648 2528 (Η)

222 2542 361 2585 Orbes
395 2542 496 2584 anni
1121 2543 1327 2587 Pacturio
1359 2544 1629 2600 plantatorio

318 2663 351 2705 1)
382 2660 423 2695 ni
448 2672 492 2696 ex
517 2672 563 2696 ne
589 2664 675 2697 m.2
701 2673 792 2698 corr.
825 2664 836 2707 ΙΙ
868 2663 904 2708 2)
936 2662 950 2697 i
975 2663 1061 2699 add.
1087 2665 1175 2699 mm?
1208 2663 1220 2706 ΙΙ

318 2772 349 2804 1.
375 2768 541 2803 truditur
567 2780 586 2804 e
613 2781 657 2804 ex
683 2769 888 2805 traditume
914 2782 1005 2807 corr.
1025 2773 1037 2817 ΙΙ
1057 2775 1089 2808 2.
1118 2770 1219 2806 omni
1240 2782 1284 2806 ex
1310 2769 1438 2805 omnia
1463 2782 1555 2806 corr.
1580 2771 1584 2815 Ι
1607 2780 1744 2815 genere
1771 2781 1815 2804 ea:
1840 2780 1980 2815 genera

221 2840 312 2864 corr.
337 2830 342 2873 Ι
364 2827 506 2864 hieron.
533 2830 609 2864 cod.
636 2830 648 2875 ΙΙ
674 2833 705 2865 5.
735 2829 810 2864 Olli
835 2841 880 2865 ex
907 2830 994 2866 Ollu
1020 2843 1110 2867 corr.
1132 2833 1144 2877 ΙΙ
1172 2834 1201 2866 7.
1229 2830 1396 2875 hippocr.
1424 2831 1500 2866 cod.
1527 2832 1538 2875 ΙΙ
1565 2832 1597 2864 8.
1626 2829 1844 2864 Olocastum
1866 2834 1870 2874 Ι
1893 2829 1978 2865 ideo

221 2900 287 2924 om.
308 2889 319 2933 ΙΙ
341 2890 394 2922 10.
422 2899 562 2933 mappa
587 2900 632 2924 ea:
655 2900 809 2935 mampa
833 2901 924 2926 corr.
945 2892 956 2936 ΙΙ
984 2894 1039 2927 11.
1068 2890 1212 2927 Omitta
1237 2902 1282 2925 ex
1309 2888 1437 2924 Omita
1462 2901 1553 2926 corr.
1574 2890 1586 2934 ΙΙ
1614 2892 1668 2924 12.
1695 2888 1836 2924 hieron.
1864 2891 1940 2926 cod.
1967 2890 1979 2938 ΙΙ

224 2950 278 2983 14.
305 2946 420 2982 uelud
438 2948 450 2992 ΙΙ
471 2950 526 2982 17.
552 2958 620 2993 pro
639 2949 652 2994 ΙΙ
672 2951 727 2983 18.
754 2949 918 2984 oddurat
936 2952 948 2995 ΙΙ
969 2954 1024 2987 19,
1045 2950 1323 2986 existimatores
1343 2961 1387 2984 ea:
1406 2948 1649 2984 extimatores
1670 2960 1761 2985 corr.
1782 2951 1794 2995 ΙΙ
1814 2953 1870 2985 20.
1892 2961 1977 2986 con-

221 3006 367 3046 uiuium
393 3019 438 3043 ex
464 3006 679 3042 conuiuiam
705 3019 797 3045 corr.
833 3010 838 3055 Ι
873 3009 1007 3056 opibus
1033 3024 1078 3047 eae
1104 3010 1264 3056 oppidus
1290 3020 1382 3045 corr.
1414 3011 1419 3053 Ι
1452 3019 1547 3054 para
1572 3021 1617 3044 m.
1632 3012 1666 3053 1,
1691 3009 1867 3054 paratum
1892 3021 1938 3045 m.
1954 3014 1977 3045 6

221 3071 263 3102 ut
287 3068 361 3102 vid.
381 3068 394 3112 11
418 3070 475 3102 28.
503 3066 733 3113 subpedibus
753 3069 764 3112 ΙΙ
790 3072 846 3105 29.
874 3069 1058 3107 Oroatuta
1081 3074 1085 3114 Ι
1109 3069 1246 3106 mensis
1273 3082 1318 3105 σω
1343 3069 1463 3105 mensi
1489 3080 1580 3105 corr.
1601 3070 1612 3114 ΙΙ
1638 3072 1693 3104 32.
1723 3069 1906 3105 Oscitatio
1933 3081 1977 3106 ex

223 3125 406 3162 Ossitatio
433 3138 523 3163 corr.
544 3128 556 3173 ΙΙ
582 3130 637 3163 33.
664 3127 914 3174 prefacientes
935 3133 946 3177 ΙΙ
972 3135 1028 3168 37.
1055 3131 1236 3166 bac-catur
1255 3131 1267 3175 ΙΙ
