2216 3402
260 117 343 160 166
714 114 970 151 EXOERPTA
994 115 1059 150 EX
1084 114 1228 151 LIBRO
1256 114 1546 151 GLOSSARVM

255 228 424 270 Ambro
457 227 659 269 decoctor
692 228 767 267 aut
799 225 1003 280 profusus
1150 225 1341 268 Annales
1363 238 1500 267 annos
1521 227 1596 267 aut
1622 223 1725 267 libri
1745 239 1888 268 annua
1907 227 2005 268 acta

228 335 230 338 ,
254 299 566 342 Ambulatrum
577 295 610 354 ¹)
641 297 834 352 spacium
860 297 1112 339 ambulandi
1210 296 1484 340 continentes

226 370 501 413 <Ambusilla
532 371 684 411 uenter
1060 389 1068 398 =
1150 369 1343 412 Annales
1381 368 1550 424 antiqui
1588 369 1689 412 libri
1734 369 2006 426 singulorum

257 441 519 484 Amendabit
552 441 780 483 abscondit
1210 455 1423 484 annorum
1453 440 1684 484 historiam
1716 441 1987 487 continentes

219 525 235 549 ⁵
254 513 471 556 Amendat
502 513 664 569 iffigiat
697 515 772 554 aut
807 513 938 569 longe
971 513 1111 555 mittit
1150 513 1378 556 Anbrones
1411 513 1690 556 deuoratores
1722 513 1948 556 hominum
2025 526 2059 552 20

314 586 383 627 uel
418 588 541 627 extra
573 585 846 627 commendat
1150 585 1397 628 Ancillatur
1428 584 1666 627 famulatur
1697 585 1976 641 prosequitur

253 657 492 699 Amentum
523 656 811 712 ligamentum
844 659 936 711 aste
1149 656 1353 712 Ancipite
1392 655 1538 713 gladio
1578 671 1628 698 ex
1660 659 1845 712 utraque
1882 659 2006 713 parte

258 729 539 771 Amfiballum
571 728 739 770 birrum
765 728 809 770 id
836 731 903 770 est
934 728 1111 783 planeta
1209 731 1385 771 acutum

254 800 517 842 Amfiballus
550 800 693 842 birrus
725 800 913 842 bellatus
1151 801 1377 856 Ancipites
1423 800 1542 842 dubii
1593 800 1663 843 uel
1711 800 1866 843 incerti
1915 799 2005 843 siue

202 957 234 982 10

254 873 418 929 Amger
445 872 664 928 spatarius
691 872 766 927 qui
791 872 925 928 uulgo
954 869 1112 928 (γίνῃ.)
1211 872 1345 929 gladii
1377 872 1564 915 bisacuti

256 943 438 987 Amiclis
471 948 510 995 Ec
548 944 750 1000 uirgilius
783 946 827 985 et
864 943 1012 986 tacitis
1051 959 1112 985 re·
1152 945 1353 987 Ancones
1386 944 1696 987 incasti-atores

314 1015 469 1071 gnabit
515 1014 682 1058 amiclis
726 1015 905 1058 nomina
954 1016 1111 1058 statius
1151 1016 1338 1059 Anctras
1371 1030 1496 1071 grece
1530 1016 1816 1059 carbunculus
1850 1016 2007 1059 dicitur
2028 1031 2060 1055 25

313 1087 533 1129 interdum
565 1086 726 1129 uirides
757 1102 846 1129 non
885 1087 1110 1142 excipietis
1211 1087 1277 1141 (de
1303 1088 1357 1143 yl.
1390 1086 1450 1144 Bt)

314 1158 467 1213 amicle
1149 1159 1295 1202 Andes
1333 1174 1472 1216 pagus
1511 1160 1588 1202 ubi
1631 1159 1832 1217 uirgilius
1876 1162 2005 1203 natus

253 1231 377 1273 Amis
411 1230 573 1273 ansulis
1209 1233 1276 1273 est
1309 1230 1503 1274 ciuitatis
1536 1235 1713 1287 mantue
1745 1231 1914 1274 uicinus

255 1302 422 1345 Amites
454 1302 594 1345 fustes
628 1303 860 1358 aucupales
1152 1302 1395 1345 Anediosus
1427 1303 1622 1358 tediosus

254 1374 450 1430 Ampiles
509 1378 710 1416 tucorum
765 1373 916 1431 lingua
970 1375 1109 1416 maius
1151 1373 1518 1418 Anelantissimus
1564 1377 1617 1418 ad
1661 1376 1898 1433 imaginem
1937 1391 2006 1418 an-

313 1446 472 1488 mensis
507 1446 666 1489 dicitur
698 1442 776 1502 (Bt)
1211 1446 1368 1489 elantis
1405 1462 1632 1503 expressus

255 1518 460 1574 Ampulla
491 1517 608 1560 dicta
646 1517 770 1574 quasi
809 1516 953 1572 ampla
990 1517 1110 1559 bulla
1151 1517 1334 1574 Angena
1366 1519 1570 1575 glandule

313 1589 468 1632 similis
532 1592 599 1632 est
661 1588 775 1631 enim
841 1588 1108 1631 rotunditate
1150 1589 1330 1646 Angilla
1361 1591 1602 1646 serpertina
2026 1606 2060 1631 30

315 1661 446 1704 bullis
480 1676 561 1717 que
600 1676 651 1703 ex
682 1660 867 1716 ispumis
900 1675 1110 1716 aquarum
1148 1661 1324 1718 Angina
1355 1662 1510 1704 tubera

315 1734 426 1776 fiunt
442 1736 572 1789 atque
588 1733 650 1775 ita
663 1732 872 1775 inflantur
886 1735 1017 1774 uento
1034 1734 1110 1789 (R)
1148 1733 1352 1790 Anguine
1387 1733 1590 1790 glandule

219 1818 235 1843 5
256 1805 447 1848 Amurca
478 1805 548 1847 fex
581 1804 666 1847 olei
1148 1804 1297 1848 Anilia
1327 1804 1509 1848 fatuitas
1540 1806 1731 1848 amentia

254 1876 446 1919 Amurca
481 1877 640 1919 humor
676 1875 874 1918 sordidus
908 1876 983 1931 qui
1016 1876 1109 1919 oleo
1150 1876 1430 1919 Animatione
1456 1876 1652 1920 uindicta

314 1948 502 1990 subsidit
1149 1948 1461 1991 Anniuersaria
1493 1949 1595 1991 anni
1627 1949 1717 1992 dies
1751 1950 1922 2006 expleta
2024 1964 2058 1990 35

255 2020 451 2076 Amurga
493 2020 564 2062 fex
603 2019 687 2062 olei
725 2019 927 2075 uirgilius
973 2020 1110 2062 semin
1148 2020 1498 2075 Anquiromacus
1531 2035 1668 2077 genus
1701 2021 1867 2078 nauigii
1899 2025 1966 2064 est

315 2091 431 2133 auidi
484 2091 683 2147 equidem
730 2090 893 2133 multos
944 2091 1111 2134 medica
1147 2091 1289 2134 Ansas
1319 2093 1503 2135 circulos

315 2166 563 2206 reserentur
583 2165 626 2205 et
645 2163 761 2205 nitro
782 2162 903 2218 prius
924 2165 968 2205 et
983 2163 1111 2219 nigra
1147 2163 1444 2220 Antagonista
1487 2167 1727 2208 recertator
1765 2165 2004 2207 incertator

315 2234 574 2289 profundere
608 2248 789 2290 amurga
1207 2238 1469 2290 prouocator

353 2411 385 2444 U
419 2412 435 2445 t
460 2422 476 2447 e
503 2422 592 2446 corr.
619 2415 705 2447 m.2
737 2412 749 2455 ΙΙ

350 2571 382 2602 5.
404 2566 547 2612 effugat
568 2566 573 2611 Ι
596 2566 831 2601 commendet
849 2568 860 2611 ΙΙ
882 2571 912 2602 7.
933 2566 972 2601 id
987 2567 1058 2613 est]
1080 2567 1141 2602 uel
1160 2570 1171 2614 ΙΙ
1191 2572 1222 2603 9.
1244 2568 1416 2614 Armiger
1429 2581 1473 2605 ea:
1485 2569 1624 2616 Amger
1637 2581 1727 2606 corr.
1747 2570 1759 2614 ΙΙ
1780 2572 1833 2604 10.
1857 2568 2002 2604 amiclis

255 2638 299 2662 ca:
321 2624 490 2661 amicalis
510 2637 601 2663 corr.
624 2627 630 2671 Ι
653 2625 793 2661 stacius
812 2627 824 2672 ΙΙ
845 2630 899 2662 13.
921 2626 1088 2672 Ampiles
1111 2639 1154 2662 m.
1167 2631 1199 2671 1,
1219 2628 1414 2674 Amphiles
1428 2633 1503 2665 m.5
1527 2631 1532 2674 l
1559 2629 1750 2664 tuscorum
1768 2631 1780 2673 ΙΙ
1801 2632 1854 2663 14.
1876 2629 2002 2664 rotun-

257 2684 377 2721 ditate
403 2697 448 2724 επ
472 2684 710 2721 rutunditate
736 2697 828 2722 corr.
852 2690 856 2731 ζ
887 2685 1029 2732 spumis
1054 2697 1099 2723 ew
1125 2686 1279 2732 ispumis
1306 2699 1396 2725 corr.
1420 2690 1425 2733 Ι
1454 2699 1550 2733 aque
1575 2686 1632 2722 ita
1650 2689 1661 2732 ΙΙ
1683 2691 1736 2723 16.
1764 2687 1936 2723 sordibus
1961 2689 2004 2723 in

256 2756 328 2781 ras.
355 2757 399 2780 m.
417 2748 437 2780 1
474 2747 486 2789 ss
525 2748 578 2780 17.
606 2744 774 2792 Amurga
798 2757 843 2781 m.
859 2749 892 2790 1,
918 2745 1080 2781 Amurca
1109 2750 1187 2782 m.4
1217 2749 1221 2792 l
1250 2747 1429 2794 uergilius
1459 2750 1465 2792 Ι
1493 2746 1636 2782 semina
1661 2746 1741 2782 uidi
1766 2759 1811 2784 ex
1842 2746 2001 2782 semina-

256 2802 336 2838 uidi
361 2805 521 2840 distinet.
558 2808 561 2847 ἱ
596 2806 802 2840 reserentes
838 2806 842 2850 Ι
876 2804 1098 2851 perfundere
1132 2806 1137 2850 l
1172 2816 1330 2851 amurga
1354 2811 1447 2852 m.]‚
1475 2817 1627 2845 amurca
1650 2809 1734 2843 ΜΛ
1764 2807 1776 2852 ΙΙ
1807 2810 1862 2843 22.
1890 2807 2001 2843 acuto

257 2875 301 2899 εει·
333 2864 484 2898 acutum
516 2875 606 2901 corr.
651 2867 662 2909 ΙΙ
706 2868 762 2901 23.
795 2864 988 2911 Ancipites
1020 2876 1064 2900 ex·
1093 2864 1282 2911 Accipites
1315 2878 1404 2902 corr.
1437 2878 1482 2902 m.
1502 2870 1523 2901 1
1568 2868 1578 2912 ΙΙ
1622 2869 1678 2901 25.
1711 2866 1870 2902 Anctras
1900 2878 1946 2903 m.
1966 2869 2001 2912 1,

257 2923 425 2958 Anchras
451 2935 494 2959 m.
512 2927 533 2959 5
570 2926 582 2969 ΙΙ
619 2928 674 2958 26.
701 2924 800 2960 unde
836 2926 848 2969 Η
886 2927 941 2959 28.
968 2923 1282 2960 Anelantissimus
1308 2938 1352 2962 m.
1371 2930 1402 2971 1,
1427 2925 1771 2966 Anhelantissimus
1796 2938 1841 2962 m.
1857 2930 1878 2962 5
1901 2928 1906 2971 Ι
1935 2936 1999 2960 an-

259 2981 394 3016 elantis
422 2994 464 3017 m.
480 2987 513 3027 1,
541 2982 753 3018 anhelantis
779 2996 825 3020 m.
841 2986 863 3020 5
884 2986 890 3028 Ι
913 2994 1132 3029 expraessus
1159 2996 1203 3021 σεε
1228 2997 1319 3022 corr.
1339 2988 1350 3030 ΙΙ
1371 2989 1426 3021 29.
1453 2985 1604 3031 Angina
1629 2997 1673 3021 ex
1691 2984 1849 3031 Angena
1874 2996 1965 3021 corr.
1988 2986 2000 3032 Η

259 3044 314 3075 30.
343 3041 522 3086 Anguilla
550 3044 555 3086 1
585 3041 800 3088 serpentina
831 3045 843 3088 Η
877 3047 930 3078 32.
959 3042 1130 3088 Anginac
1156 3056 1200 3079 ea:
1225 3044 1422 3090 Anguinae
1449 3056 1539 3082 corr.
1572 3047 1583 3090 ΙΙ
1609 3048 1665 3079 33.
1692 3043 1848 3079 fatuitas
1874 3055 1919 3080 ea:
1943 3043 1998 3079 fa-

258 3100 382 3134 tuctas
409 3113 500 3136 corr.
521 3102 532 3145 ΙΙ
552 3104 607 3137 35.
635 3101 785 3148 expleta
811 3114 854 3138 ew
880 3102 1030 3148 expleta
1055 3115 1145 3139 corr.
1174 3104 1186 3148 ΙΙ
