2221 3490
850 151 944 188 GLO
951 151 1066 187 SSAE
1094 151 1346 188 SCALIGERI
1886 151 1972 193 613

222 260 417 303 Vabrum
450 262 622 304 uarium
653 261 920 303 multiforme
1177 264 1279 304 sunt
1329 261 1443 303 inter
1492 276 1536 303 se
1588 261 1819 317 colligatae
1866 277 1972 316 quae

221 332 418 375 Vadatur
460 333 684 388 promittit
727 333 958 387 pollicetur
995 332 1077 374 fide
1177 348 1366 375 asserem
1412 333 1638 374 sustinent.
1690 332 1803 374 unde
1851 347 1972 387 prou.

281 405 386 446 dicit
635 405 637 407 ’
1175 405 1294 446 uibia
1326 419 1476 446 uaram
1509 404 1705 458 sequitur

220 475 530 517 Vadimonium
556 475 661 517 facit
681 475 979 517 fideiussorem
1002 476 1076 517 dat
1115 474 1394 530 Ventriloqui
1427 478 1780 530 praecantatores

218 545 480 588 Vadimonia
520 547 680 589 iudicia
718 547 829 588 unde
870 547 983 601 apud
1015 548 1075 588 iu-
1117 546 1395 588 Vernacellus
1430 546 1503 601 qui
1543 546 1727 588 suscitat
1764 562 1841 601 per
1880 547 1970 589 dies
1995 558 2028 584 50

278 617 416 659 dicem
458 633 536 673 per
579 618 878 660 fideiussorem
918 619 1074 660 uadere
1172 617 1309 658 festos

276 689 407 730 liceat
1115 687 1262 742 Vepra
1295 688 1475 730 callidus
1508 688 1768 731 testificator
1795 689 1971 731 diuersi-

179 770 196 796 5
216 759 417 801 Valitant
449 761 597 802 ualent
1171 759 1299 813 pellis

215 830 397 872 Varicat
430 830 608 873 diuertit
642 831 838 872 ambulat
1113 830 1426 886 Vehigelorum
1458 845 1594 887 genus
1620 832 1865 874 fluuialium
1891 848 1967 874 na*

214 902 492 944 Verbotenus
528 903 798 958 uerbigratia
1170 902 1292 943 uium
1325 903 1439 958 apud
1472 902 1622 944 Gallos

213 972 490 1015 Verbotenus
525 974 637 1016 sicut
670 974 835 1016 dictum
1110 973 1427 1015 Veteratricem
1460 975 1484 1015 i.
1514 974 1715 1016 callidam
1741 975 1964 1018 incircum·

214 1044 456 1101 Vestiplica
477 1046 638 1087 femina
654 1060 761 1100 quae
777 1049 921 1087 uestes
935 1046 1071 1100 plicat
1171 1046 1443 1087 scribendam

161 1131 192 1154 10
214 1117 480 1172 Vespertilio
515 1118 732 1159 serotinus
1112 1116 1257 1159 Vestis
1291 1116 1476 1159 ludiaria
1506 1116 1765 1160 histrionica
1798 1118 1912 1160 tonis

213 1188 412 1244 Vespillo
446 1190 746 1244 sepulcrorum
777 1189 969 1231 uiolator
1110 1188 1349 1230 Viduuium
1382 1188 1579 1231 uiduetas

214 1260 413 1302 Viriosus
447 1264 645 1303 austerus
1110 1260 1347 1302 Villaturia
1380 1259 1601 1302 territoria

212 1331 411 1374 Vnorum
443 1332 682 1374 multorum
1110 1331 1272 1386 Virops
1301 1347 1409 1386 quae
1435 1331 1523 1373 iam
1550 1347 1658 1387 opus
1685 1333 1843 1374 habeat
1869 1333 1966 1375 uiro

214 1403 428 1445 Vtensilia
459 1404 611 1447 uiatici
645 1408 845 1459 sumptus
1110 1403 1233 1445 Vnca
1265 1418 1396 1444 manu
1429 1403 1582 1445 stricta
1608 1391 1746 1446 'manu
1779 1408 1921 1459 μυλλῆ

161 1489 190 1513 15
214 1475 412 1517 Vnicuba
444 1476 570 1517 unius
604 1476 687 1518 uiri
720 1491 830 1518 uxor
1108 1474 1281 1516 Venilia
1314 1474 1446 1516 maris
1474 1476 1742 1517 exaestuatio
1777 1491 1885 1531 quae
1913 1477 1966 1518 ad

211 1547 420 1603 Vagurrit
452 1562 529 1602 per
562 1547 700 1589 otium
732 1550 921 1603 uagatur
1166 1547 1272 1588 litus
1298 1547 1431 1588 uenit.
1477 1545 1635 1588 Varro:
1662 1548 1823 1589 uenilia
1849 1549 1966 1590 unda

209 1618 436 1662 Varicauit
469 1619 712 1661 ambulauit
1167 1633 1274 1674 quae
1297 1619 1350 1660 ad
1370 1619 1498 1660 littus
1519 1619 1651 1660 uenit.
1680 1619 1839 1661 salacia
1857 1634 1964 1676 quae

209 1691 387 1733 Vestiae
421 1691 576 1733 balbae
1167 1691 1220 1732 ad
1253 1705 1369 1732 mare
1403 1690 1515 1732 redit

209 1762 334 1816 Viria
365 1762 523 1804 uiriola
554 1762 796 1804 brachiales
1105 1762 1372 1817 Veneripeta
1402 1761 1651 1803 luxuriosus
1982 1774 2018 1799 40

155 1847 189 1871 20
211 1834 341 1876 Visor
373 1834 570 1876 uidentes
1105 1834 1347 1876 Vascillum
1397 1848 1582 1888 paruum
1626 1848 1715 1876 uas.
1773 1834 1961 1877 Macr0b‚

207 1904 403 1948 Vitricus
436 1906 627 1961 pati-icus
1165 1906 1338 1948 soluens
1371 1905 1504 1947 radiis
1542 1905 1588 1947 in
1622 1921 1734 1961 aqua
1767 1907 1963 1949 subiecta

207 1976 454 2033 Vaginatus
488 1978 735 2033 exagitatus
1162 1976 1344 2020 uascillo

207 2047 442 2104 Vagitatur
474 2049 689 2092 uiolenter
721 2051 796 2092 flet
1103 2049 1271 2091 Vefaba
1301 2064 1438 2104 parua
1471 2050 1572 2091 faba

214 2120 407 2176 Virginal
448 2121 642 2162 membra
681 2122 865 2178 uirginis
900 2123 944 2163 in
978 2137 1062 2177 quo
1105 2121 1395 2177 Virgobretus
1427 2136 1585 2163 nomen
1617 2122 1904 2178 magistratus

265 2191 437 2233 habitat
1101 2193 1316 2235 Viocurus
1350 2196 1393 2235 et
1426 2194 1578 2236 statim
1611 2193 1786 2236 cestifer

152 2277 186 2302 ‘25
206 2262 380 2305 Vexilla
411 2264 601 2318 impetus
634 2264 762 2306 fortis
797 2280 1020 2308 carrorum

207 2334 360 2391 Valgis
393 2335 509 2377 foras
541 2337 657 2378 uersi
690 2338 960 2380 tumentibus
1104 2338 1251 2394 'langa
1277 2337 1414 2393 pellis.
1448 2336 1562 2379 Acro
1595 2337 1734 2393 nigris
1768 2338 1957 2380 medium
1977 2347 2012 2373 45

207 2406 337 2448 Vatia
369 2407 552 2449 diuersis
584 2408 746 2463 plantis
1161 2409 1360 2465 impediit
1394 2424 1488 2451 crus
1521 2409 1709 2464 pellibus

206 2478 369 2520 Varam
395 2479 550 2521 tibiam
575 2479 720 2522 ianam
740 2482 932 2536 perticae
954 2483 1062 2525 duae

206 2864 542 2912 VOCABVLA
571 2864 854 2913 RARIORA
881 2866 1210 2915 COLLEOTA
1238 2867 1276 2913 Ε
1313 2864 1565 2914 GLOSSIS
1593 2863 1955 2911 VETERIBVS

205 2979 436 3023 Absternit
469 2981 603 3024 abicit
634 2983 808 3037 repellit
1100 2984 1213 3026 Boia
1245 2987 1422 3038 torques
1456 2983 1759 3024 damnatorum

205 3053 432 3095 Achateon
463 3054 610 3095 uelum
644 3054 880 3097 maximum
906 3056 951 3098 in
978 3072 1062 3099 me·
1100 3055 1344 3098 Britanium
1378 3053 1685 3096 marmoricum

264 3124 382 3166 dium
413 3125 538 3166 nauis
1099 3127 1260 3183 Bigera
1290 3126 1426 3168 uestis
1460 3125 1565 3181 gufa
1594 3124 1666 3168 uel
1698 3124 1850 3167 uillata
