2221 3490
842 170 1053 206 GLOSSAE
1082 169 1333 205 SCALIGERI

214 282 494 324 Differentior
523 280 781 323 eminentior

213 353 484 408 Dispeccatis
517 352 747 394 decoriatis

212 425 428 466 Disdonat
461 423 632 465 diuersa
664 423 797 465 donat

212 495 480 538 Dictatorius
515 494 779 536 exdictatore

178 578 193 603 5
212 566 433 621 Diptycha
465 566 651 607 tabellae
686 579 791 619 quas
824 564 1002 606 ferimus

210 638 438 692 Deplicare
472 637 672 679 decedere
706 636 898 678 deuitare

206 725 261 758 ,ex
300 708 526 750 Diametro
566 723 702 749 annus
745 710 943 761 sumptus
984 705 1067 748 hoc

269 783 335 821 est
362 794 447 820 non
475 795 499 820 a
524 779 737 834 principio
766 777 964 834 signiferi
992 778 1065 819 sed

269 866 293 892 a
325 851 466 892 medio

207 922 362 964 Diuale
396 921 590 962 diuinum

207 993 347 1035 Diuus
380 993 617 1048 imperator
645 992 718 1047 qui
750 994 850 1046 post
876 994 1063 1033 mortem

266 1064 348 1106 Dei
379 1078 539 1105 nomen
572 1064 738 1118 accepit

156 1150 188 1174 ιο
208 1136 391 1177 Dinidor
423 1136 563 1177 malus
598 1135 703 1177 odor

207 1207 460 1249 Dorsennus
494 1222 680 1261 persona
711 1206 1003 1262 parasitorum

206 1278 412 1333 Draquiti
444 1293 596 1320 manus
629 1278 765 1319 inuidi

206 1350 422 1406 Depalata
455 1350 735 1391 manifestata

205 1422 377 1464 Deuoto
412 1435 566 1464 accuso

152 1506 184 1531 15
204 1493 499 1534 Demundinat
533 1492 734 1534 omnibus
769 1494 922 1534 notum
956 1491 1061 1533 facit

204 1565 470 1620 Discipulati
503 1563 645 1606 edocti

203 1636 410 1692 Dilargus
445 1637 633 1678 multum
665 1636 829 1677 donans

203 1708 511 1750 Diribitorium
543 1708 665 1749 locus
698 1707 972 1749 contubernii

204 1779 398 1821 Distario
433 1779 662 1834 occupatio

150 1863 184 1888 20
203 1851 354 1893 Diaria
386 1851 506 1893 cibus
540 1851 666 1892 unius
700 1850 784 1892 diei

202 1923 403 1965 Doctitat
435 1923 685 1978 frequenter
717 1922 843 1964 docet

201 1994 375 2036 Duellio
409 1995 582 2036 rebellis

201 2066 449 2122 Distrigare
484 2080 783 2108 consummare

202 2137 501 2179 Damnatitius
535 2137 759 2179 dedititius

148 2221 182 2246 25
202 2209 395 2251 Datitius
441 2209 627 2251 latinum
666 2224 754 2250 non
786 2211 853 2250 est
885 2209 959 2250 sed
992 2209 1058 2251 de-

261 2281 430 2322 dititius
457 2280 494 2322 is
522 2283 588 2322 est
620 2281 657 2322 si
683 2281 894 2322 barbarus
928 2281 1057 2322 dedat

261 2367 305 2394 se
340 2352 530 2394 romanis
564 2352 750 2394 deditius
782 2352 820 2394 is
853 2354 920 2393 est

201 2423 386 2466 Decalco
420 2423 572 2465 dealbo

198 2494 432 2537 Destitudo
467 2494 703 2536 destructio

199 2566 459 2621 Deuirginat
492 2565 732 2620 corrumpit

198 2637 360 2679 Diaria.
382 2637 704 2691 quotidianaria
736 2638 894 2679 salaria

146 2722 180 2746 30
199 2708 399 2750 Diditum
430 2709 734 2763 percrebatum
763 2708 1037 2764 diuulgatum

200 2779 395 2822 Didatim
427 2780 602 2822 diuisim

198 2850 393 2906 Depubis
434 2866 592 2906 porcus
635 2865 792 2907 sugens
845 2866 930 2906 q..
952 2886 990 2894 ..
1030 2867 1055 2894 a

259 2923 364 2965 setis

197 2993 359 3036 Dosius
398 2994 467 3035 uel
500 2993 677 3036 dosinus
719 3009 853 3049 equus
895 2995 1053 3037 asinini

255 3065 333 3120 pili

198 3135 388 3179 Dramea
417 3139 519 3192 post
548 3137 811 3179 framearum

1875 167 1958 207 597

1106 276 1413 320 Diuersiclinia
1443 277 1701 319 heteroclita
1978 287 2012 313 35

1105 348 1315 391 Deuibiae
1337 348 1526 404 uigiliae.
1547 348 1679 403 uulgo
1700 348 1848 403 paleae
1870 362 1959 388 mu-

1162 420 1280 461 lieris

1104 491 1259 533 Dimus
1291 492 1434 533 bimus

1104 563 1303 604 Diribere
1337 563 1607 604 dinumerare

1104 633 1336 675 Discussor
1368 634 1637 675 examinator

1104 705 1380 759 Displacidus
1416 719 1611 747 morosus

1103 776 1320 818 Dolumen
1352 776 1580 817 belubrum

1103 848 1300 902 Dialapis
1329 848 1618 890 constitutum
1644 848 1957 903 imperatorum

1101 919 1264 961 Durica
1296 922 1440 962 castra
1474 920 1684 961 stationes
1719 920 1898 961 nauium

1102 990 1269 1031 Diatim
1302 990 1351 1031 de
1385 989 1451 1031 die
1483 989 1528 1031 in
1561 990 1673 1031 diem

1102 1061 1264 1103 Dusius
1298 1061 1482 1102 daemon

1102 1132 1375 1188 Dispungere
1410 1133 1567 1174 donare
1601 1133 1712 1174 unde

1104 1205 1416 1259 Dispunctores
1463 1205 1532 1259 qui
1582 1205 1694 1246 dona
1742 1204 1956 1246 militibus

1161 1279 1343 1332 erogant

1102 1349 1328 1403 Depanare
1362 1347 1595 1389 dilacerare

1102 1420 1380 1462 Diffarreatio
1408 1418 1636 1461 dissolutio
1669 1420 1784 1461 inter
1812 1420 1956 1461 uirum

1159 1494 1202 1534 et
1233 1492 1470 1533 foeminam

1976 716 2012 741 40

1976 1070 2011 1096 45

1099 1636 1291 1678 Enulum
1324 1634 1562 1677 caldarium
1973 1642 2008 1668 50

1097 1707 1252 1763 Epigri
1285 1707 1404 1748 ulaui
1439 1707 1595 1762 quibus
1632 1707 1800 1762 lignum
1832 1706 1952 1762 ligno

1158 1780 1364 1821 adhaeret

1096 1851 1243 1908 Egrex
1276 1850 1459 1892 eximius
1492 1849 1684 1891 eminens

1096 1923 1303 1965 Edilitius
1338 1923 1411 1977 qui
1446 1937 1497 1964 ex
1530 1921 1665 1963 aedile
1699 1924 1765 1963 est
1798 1921 1949 1963 scriba·

1096 1994 1340 2037 Effieabilis
1373 1994 1418 2034 in
1452 1993 1653 2035 omnibus
1687 1993 1911 2048 expeditus

1095 2066 1258 2123 Egeria
1288 2066 1417 2108 noxia

1095 2139 1272 2194 Egones
1307 2137 1552 2180 sacerdotes
1585 2137 1738 2179 rustici

1096 2210 1309 2265 Epibatae
1342 2208 1442 2251 laici

1095 2281 1322 2323 Euadatur
1354 2280 1544 2335 reposcit
1577 2280 1749 2336 flagitat

1093 2352 1320 2394 Excellare
1354 2367 1451 2394 cum
1484 2365 1616 2393 uxore
1649 2366 1741 2393 esse

1093 2424 1244 2466 Exilta
1277 2438 1480 2465 erronum
1512 2423 1705 2465 marinus
1971 2431 2005 2455 60

1093 2496 1280 2538 Exornis
1312 2495 1514 2537 immanis

1094 2568 1260 2609 Exibus
1292 2567 1510 2622 pinguedo

1092 2639 1322 2694 Ephebion
1333 2639 1454 2680 locus
1467 2638 1835 2692 constuprationis
1850 2654 1949 2692 pue-

1154 2725 1302 2752 rorum
1334 2709 1591 2751 imberbium

1092 2782 1334 2836 Expartam
1365 2780 1503 2836 partis
1535 2795 1717 2822 uacuam

1091 2853 1314 2908 Expotata
1345 2853 1504 2894 hausta

1089 2924 1334 2979 Exprodita
1369 2924 1542 2966 exclusa

1089 2996 1397 3051 Expudoratus
1429 2995 1672 3050 impudicus

1089 3067 1368 3110 Extestinum
1400 3070 1651 3109 extraneum

1090 3138 1351 3181 Extraculas
1383 3139 1490 3181 foris
1521 3153 1671 3181 uersos

1972 2071 2007 2098 55

1966 2857 2001 2883 65
