2216 3402
207 157 263 198 30

208 264 507 321 Longinquius
542 267 714 323 longius
747 267 939 309 ulterius.

206 336 436 379 Lacessam
468 339 645 381 uocabo.

206 406 365 465 Lucide
398 409 551 463 palam.

207 478 319 521 Lues
353 480 507 521 solues.

172 561 188 586 5
208 549 454 592 Larundam
488 566 616 605 quam
644 552 815 606 quidam
853 551 969 593 uiam
1002 552 1060 593 di-

267 625 378 663 cunt.

206 692 422 735 Limasses
456 693 737 736 conlocasses.

207 763 340 806 Latro
367 765 542 807 satelles
575 765 716 807 dictus
750 782 774 808 a
809 766 958 807 lateris
992 781 1060 808 cu-

267 836 408 878 stodia
434 836 525 879 sine
551 838 872 892 praepositione
897 838 1059 880 oblitus

265 907 505 950 immemor.

207 977 396 1021 Laterna
439 979 595 1034 punica
639 995 664 1021 a
706 981 892 1035 pellibus
937 982 1061 1036 quasi

267 1051 319 1092 ab
364 1050 532 1093 unculis
573 1054 616 1092 et
653 1052 853 1107 gularum
899 1053 1061 1094 adfixas

267 1123 508 1164 extendent.

206 1192 432 1235 Libassius
464 1194 575 1236 liber
606 1197 742 1250 pater.

157 1264 538 1307 10Lutulentasset
570 1266 835 1308 lutulentum
875 1267 1061 1310 fecisset.

207 1335 409 1378 Luncuns
455 1337 751 1379 nominatiuus
797 1339 935 1394 glosei
977 1354 1062 1381 ma-

267 1407 387 1450 ticos.

207 1478 395 1521 Lueunti
415 1493 570 1535 genere
586 1484 740 1523 neutro
755 1496 936 1525 numero
958 1498 1064 1525 sem-

266 1566 342 1606 per
391 1550 549 1606 plurali
594 1552 642 1594 .l.
695 1556 866 1595 mentus
918 1557 1063 1596 autem

269 1623 415 1678 generi
442 1624 680 1666 masculino
704 1625 853 1667 dicunt
879 1626 993 1668 iudei
1020 1629 1063 1668 et

268 1708 416 1735 eorum
447 1694 527 1736 filii
555 1696 726 1738 cimices
752 1711 840 1739 non
864 1697 967 1739 lecti
994 1712 1063 1753 ge-

267 1765 396 1807 nialis
441 1766 514 1807 sed
553 1767 858 1822 scandaphilae
899 1768 1063 1824 amphi-

268 1836 475 1878 teatralis.

209 1907 395 1962 Lepidus
447 1909 591 1950 mollis
643 1909 801 1952 dicitur
844 1927 868 1953 a
916 1912 1062 1967 lepore

269 1980 381 2034 quod
434 1979 594 2021 animal
641 1981 946 2025 mollissimum
998 1986 1064 2025 est

268 2050 434 2092 facetus
467 2065 569 2093 uero
604 2052 677 2106 qui
709 2053 828 2096 iocos
862 2057 988 2110 gestu
1021 2058 1064 2096 et

268 2121 396 2164 factis
458 2124 732 2165 commendat
788 2139 813 2165 a
867 2125 1062 2167 faciendo

270 2192 420 2234 dictus.

210 2263 403 2305 Libitina
436 2267 502 2306 est
534 2265 612 2307 dea
644 2281 926 2322 paganorum.

161 2348 190 2373 15
209 2334 422 2376 Libidinis
456 2335 579 2377 deam
618 2351 747 2392 quam
791 2339 965 2393 quidam
997 2353 1064 2380 ue-

268 2421 415 2447 nerem
455 2407 709 2449 infernalem
742 2423 834 2451 esse
867 2409 1066 2451 dixerunt

270 2481 414 2519 tamen
447 2481 489 2519 et
521 2479 694 2521 libitina
726 2480 885 2521 dicitur
926 2480 1064 2522 lectus

270 2552 541 2590 mortuorum
591 2551 661 2592 uel
715 2551 835 2593 locus
886 2551 931 2592 in
982 2566 1066 2606 quo

270 2620 430 2661 mortui
463 2621 715 2663 conduntur.

211 2691 486 2747 Listrigonae
526 2695 676 2747 gentes
723 2696 824 2734 sunt
867 2693 1066 2735 crudelis-

272 2763 404 2804 simae
437 2766 486 2803 ut
519 2763 707 2818 ciclopas
741 2764 940 2806 diximus.

213 2833 352 2887 Lepos
385 2834 609 2876 urbanitas
638 2835 812 2890 elegans
845 2839 888 2876 et
921 2835 1065 2877 mollis

652 158 710 192 PL
717 157 884 192 ACIDVS
912 158 1055 192 LIBRO
1064 157 1165 191 1<VVM
1190 156 1507 192 ROMANORVM

1157 282 1206 309 ac
1250 267 1392 310 faceta
1440 266 1551 308 unde
1594 265 1791 308 homines
1843 266 1952 308 tales

1157 339 1289 394 lepidi
1315 340 1537 381 uocantur.

1096 409 1219 452 Licet
1251 409 1504 451 aduerbium
1536 408 1832 464 permittentis
1859 423 1951 450 esse

1157 480 1430 537 intelligitur.

1099 551 1255 594 Libare
1289 555 1355 594 est
1393 552 1549 595 leuiter
1587 552 1750 607 aliquid
1789 551 1952 594 contin-

1158 639 1257 680 gere
1283 627 1332 666 ut
1358 624 1394 666 si
1421 625 1516 679 quis
1538 625 1750 666 inuitatus
1774 623 1826 664 ad
1853 637 1951 665 con-

1157 694 1324 737 uiuium
1355 696 1424 737 uel
1457 699 1609 751 potum
1640 710 1718 751 per
1749 694 1953 750 exiguum

1158 767 1373 821 quoddam
1394 767 1444 808 de
1468 782 1565 809 esca
1585 767 1655 808 uel
1681 766 1858 822 potione
1885 780 1952 808 su-

1158 841 1280 880 mant
1299 853 1387 880 non
1406 839 1530 880 ualde
1548 839 1616 881 uel
1634 838 1816 880 nimium
1834 837 1952 880 satis.

1098 909 1229 951 Litua
1266 910 1392 966 uirga
1423 910 1603 952 incurua
1641 909 1851 965 pastorali
1883 923 1953 964 ge-

1157 981 1272 1023 neris
1305 981 1513 1023 feminini.
1770 986 1774 989 '

1099 1052 1288 1095 Lembus
1319 1053 1443 1094 nauis
1476 1053 1632 1094 breuis.

1099 1123 1309 1166 Lucinam
1336 1124 1410 1166 alii
1442 1123 1645 1166 iunonem
1676 1124 1750 1166 alii
1782 1124 1955 1166 dianam

1160 1196 1309 1238 dicunt
1335 1210 1443 1251 quae
1470 1195 1741 1250 parientibus
1768 1198 1952 1250 praeest.

1099 1267 1254 1310 Limuo
1288 1282 1491 1323 purpura.

1099 1338 1212 1380 Linx
1250 1352 1385 1394 genus
1422 1338 1537 1380 ferae
1581 1339 1766 1394 agrestis
1808 1339 1955 1380 uariae

1162 1410 1317 1452 similis
1363 1410 1518 1452 similis
1563 1409 1767 1465 leopardo
1817 1408 1955 1452 libero

1160 1482 1276 1537 patri
1308 1484 1539 1524 sacratum.

1101 1553 1328 1595 Liberauit
1378 1554 1428 1595 de
1478 1553 1715 1608 praeterito
1765 1568 1842 1608 per

1161 1625 1366 1667 liberabit
1392 1625 1442 1666 de
1475 1625 1622 1667 futuro
1655 1639 1730 1679 per
1761 1624 1823 1666 .b.
1856 1623 1956 1666 scri-

1159 1697 1288 1738 bitur.

1100 1768 1326 1823 Limphari
1353 1770 1419 1809 est
1445 1767 1621 1809 bachari
1649 1769 1692 1808 et
1717 1767 1831 1808 furia
1856 1781 1956 1822 qua-

1161 1839 1261 1881 dam
1306 1841 1380 1881 aut
1424 1838 1678 1881 demonibus
1726 1838 1957 1893 impletum

1162 1910 1298 1953 rotari
1340 1911 1425 1953 hue
1471 1913 1601 1965 atque
1646 1909 1750 1952 illuc
1794 1913 1838 1952 et
1875 1910 1957 1952 dis-

1163 1997 1332 2025 currere
1360 1983 1473 2024 sicut
1498 1981 1665 2036 limpha
1689 1981 1732 2022 id
1753 1983 1820 2023 est
1845 1995 1957 2036 aqua

1163 2054 1274 2095 sicut
1307 2068 1419 2108 aqua
1449 2053 1533 2095 huc
1567 2055 1696 2108 atque
1729 2052 1832 2094 illuc
1859 2052 1956 2094 diri-

1161 2127 1266 2166 uata
1310 2127 1385 2166 aut
1429 2123 1527 2165 fusa
1570 2123 1785 2166 discurrit.
1855 2127 1957 2166 sunt

1163 2196 1339 2250 quidam
1385 2196 1457 2250 qui
1502 2195 1651 2237 dicunt
1702 2195 1956 2251 limphatico

1163 2267 1320 2322 spiritu
1371 2267 1558 2322 quodam
1609 2281 1817 2321 aquarum
1865 2282 1957 2322 per-

1162 2338 1363 2380 turbatos
1398 2338 1566 2394 agitari.

1105 2409 1312 2451 Liueneia
1330 2424 1488 2451 nomen
1513 2409 1663 2451 fictum
1691 2409 1743 2451 ab
1766 2424 1815 2451 eo
1843 2409 1956 2464 quod

1163 2481 1320 2522 dicitur
1352 2481 1469 2522 liuet.

1103 2550 1347 2606 Lampenae
1380 2552 1529 2594 stellae
1563 2566 1671 2607 quae
1711 2551 1772 2594 sic
1804 2551 1957 2593 dictae.

1104 2622 1378 2665 Liniamenta
1404 2622 1700 2665 extremitates
1727 2636 1957 2677 corporum

1164 2697 1212 2736 ut
1250 2697 1356 2749 puta
1391 2694 1465 2736 ubi
1497 2694 1647 2735 finitur
1678 2693 1857 2735 tendens
1889 2693 1957 2734 de-

1165 2779 1310 2806 orsum
1337 2765 1530 2807 auricula
1556 2764 1666 2805 unde
1695 2764 1884 2819 pictores
1909 2762 1957 2804 li-

1164 2835 1384 2878 niamenta
1403 2835 1622 2891 appellant
1637 2833 1956 2890 designationes

309 2953 340 2984 5
375 2949 474 2984 niam
503 2951 532 2985 b.
577 2961 676 2985 mam
703 2963 720 2986 c
757 2952 768 2995 ΙΙ
807 2955 837 2986 9.
871 2951 1047 2986 Libassus
1075 2953 1128 2987 0¹:
1160 2964 1249 2988 corr.
1277 2953 1313 2988 οἳ
1349 2954 1360 2997 ΙΙ
1399 2954 1452 2987 10.
1485 2951 1772 2986 Luculentasset
1797 2955 1830 2986 et
1853 2950 1956 2984 lucu—

151 3035 157 3040 .
214 3008 354 3043 lentum
382 3021 471 3043 corr.
499 3010 630 3045 (t¹b¹c'·'
654 3013 665 3054 ΙΙ
694 3014 745 3044 11.
773 3010 918 3044 Luncus
945 3023 962 3046 c
1000 3013 1011 3055 ΙΙ
1051 3015 1103 3046 12.
1132 3011 1254 3046 neutri
1281 3024 1302 3046 α
1331 3014 1336 3056 Ι
1365 3010 1522 3058 gemalis
1549 3012 1599 3045 ab
1631 3013 1642 3056 ΙΙ
1673 3014 1726 3046 15.
1760 3010 1869 3044 deam
1895 3010 1955 3044 ab.

214 3068 315 3102 dicta
342 3080 359 3103 c
394 3071 397 3111 Ι
432 3068 641 3103 tunduntur
666 3082 687 3104 a
720 3072 731 3114 ΙΙ
763 3074 818 3105 24.
847 3070 979 3104 similis
1006 3071 1108 3105 semel
1134 3083 1198 3106 om.
1222 3072 1241 3106 Ζ)
1273 3073 1284 3117 ΙΙ
1321 3075 1375 3106 26.
1404 3070 1576 3105 dei-juata
1601 3082 1619 3105 c
1649 3071 1661 3115 11
1698 3074 1753 3106 27.
1779 3069 1875 3103 liuer
1900 3069 1920 3104 b
1946 3068 1958 3113 ἶῖ

214 3132 269 3163 25.
297 3127 395 3172 quod
423 3129 468 3163 bc
499 3129 510 3172 ll
542 3132 596 3164 ⁶29.
625 3129 868 3164 Line-amenta
894 3134 924 3164 et
952 3129 1181 3164 lineanwnta
1208 3135 1290 3167 ante
1317 3142 1406 3167 corr.
1433 3131 1453 3166 b
1478 3130 1489 3175 ΙΙ

1975 926 2009 951 20

1893 1567 1956 1594 .U.
1995 1568 2006 1575 “
