2175 3428
648 93 904 129 EXCERPTA
931 93 993 128 EX
1021 93 1165 129 LIBRO
1193 92 1485 128 GLOSSARVM

187 206 288 248 Elul
316 206 362 247 in
388 206 725 248 machabeorum
752 204 889 246 libros
916 218 1048 260 augu-

247 280 340 319 stus
387 277 461 332 qui
507 278 619 332 apud
663 292 743 319 nos
783 279 932 319 sextus
974 290 1047 317 uo-

248 352 370 391 catur

187 420 388 463 Elumbis
422 421 572 463 lumbo
607 420 816 463 conuulso

187 491 272 534 Em
305 492 466 534 etenim
499 508 596 535 cum
630 492 828 547 increpas
863 507 913 534 en
949 507 1044 533 cum

247 565 440 606 ostendis

187 636 271 677 Em
305 636 536 678 admiratio

150 724 166 747 5
188 708 411 749 Emacitas
442 707 610 749 emendi
644 707 832 749 auiditas

135 1083 167 1108 10

138 2234 172 2259 20

187 779 412 821 Emacitas
447 779 665 821 macitudo

186 851 434 894 Emarcitas
469 851 711 893 marcitudo

185 923 412 966 Emarcuit
444 923 641 979 elanguit

186 995 436 1038 Emembris
470 995 667 1037 membro
702 994 912 1036 conuulso

187 1067 441 1110 Ementitur
474 1067 599 1109 ualde
633 1066 844 1109 mentitur

186 1139 397 1182 Emereor
430 1140 663 1194 conplaceo

186 1211 396 1254 Emeritis
431 1212 592 1254 ementi
620 1211 824 1253 dicuntur
853 1210 1048 1252 ueterani

247 1284 380 1326 soluti
432 1299 457 1325 a
505 1283 669 1326 milicia
721 1286 769 1324 ut
821 1284 1049 1337 locumque

248 1355 370 1398 sedes
404 1355 598 1398 emeritis

187 1427 374 1469 Emeriti
415 1427 585 1482 antiqui
625 1427 806 1470 lucanus
846 1427 948 1469 dum
987 1430 1048 1468 ta-

248 1515 348 1542 men
374 1499 544 1542 emeriti

188 1571 412 1614 Emeritus
439 1571 566 1613 miles
601 1574 833 1614 ueteranus
862 1571 936 1626 qui
963 1570 1050 1612 iam

249 1643 471 1699 conplebit
522 1643 731 1686 miliciam
784 1643 856 1698 qui
917 1643 1050 1685 cineri

250 1715 439 1758 militare
472 1716 632 1758 dicitur

153 1803 169 1827 τ,
189 1787 433 1829 Eminicule
467 1786 706 1829 eminentes

188 1859 354 1915 Empos
388 1859 606 1915 inpatiens
640 1874 790 1901 amens

189 1931 357 1987 Empus
390 1931 610 1987 inpatiens

189 2003 350 2045 Emsoe
384 2018 434 2045 eo
466 2003 559 2059 ipse

191 2075 425 2118 Enascitur
461 2075 575 2130 quod
616 2078 659 2117 et
699 2079 817 2118 terra
857 2078 901 2117 et
941 2090 1053 2130 aqua

252 2147 450 2204 exsurgit

191 2220 414 2262 Encausta
457 2219 636 2276 pigtura
680 2235 763 2275 que
802 2223 921 2262 ctera
965 2220 1054 2261 ino-

251 2292 358 2334 litur

316 2400 350 2444 1)
383 2398 441 2433 ius
466 2410 546 2444 sup.
573 2409 641 2434 scr.
667 2401 752 2434 m.2
783 2400 794 2444 ΙΙ

1861 92 1945 133 193

1087 204 1281 246 Encenia
1312 204 1444 246 inicia
1476 204 1546 246 uel
1579 203 1873 245 dedicationes

1086 276 1321 319 Encetecia
1347 276 1565 318 macinola
1590 275 1737 331 lignea
1765 290 1849 329 qua
1876 289 1946 316 an-

1145 349 1285 403 phora
1317 348 1558 390 sustinetur

1085 419 1251 462 Encliti
1284 420 1468 475 gloriosi

1085 491 1359 534 Endocetum
1392 491 1660 546 indigestum

1086 564 1344 620 Endogenia
1375 564 1638 606 naturaliter
1670 578 1853 605 amoena
1968 577 2001 602 25

1086 635 1386 691 Endoplorato
1420 636 1641 691 inplorato

1086 707 1392 764 Endoriguum
1423 707 1606 749 inritum

1087 778 1226 820 Enica
1258 783 1297 823 R<
1331 779 1529 821 adultera

1087 849 1214 891 Enici
1247 853 1285 899 R
1318 850 1547 904 ydolorum
1580 851 1770 894 cultores

1087 921 1264 964 Enidris
1310 922 1490 965 colubra
1537 924 1581 965 in
1633 939 1745 980 aqua
1796 924 1947 966 uiuens
1969 946 2003 972 30

1147 994 1265 1050 greci
1299 994 1414 1037 enim
1446 995 1568 1051 ydrei
1601 995 1751 1039 dicunt

1087 1065 1288 1108 Enodare
1322 1067 1537 1110 elucidare
1571 1072 1646 1110 aut
1678 1069 1858 1123 planum
1890 1068 1948 1110 fa-

1147 1153 1242 1180 cere

1088 1211 1316 1253 Ensicium
1349 1227 1373 1253 a
1406 1213 1594 1255 secundo
1627 1213 1698 1255 uel
1731 1214 1785 1256 ab
1819 1229 1919 1257 ense

1089 1283 1179 1324 Ent
1224 1283 1394 1338 syllaba
1437 1284 1576 1326 futuri
1627 1287 1839 1341 temporis
1885 1290 1952 1328 est

1150 1358 1254 1397 eunt
1304 1371 1408 1398 uero
1458 1358 1674 1411 presentis
1724 1358 1839 1400 sicut
1892 1358 1952 1400 fa-

1149 1428 1265 1470 cient
1297 1428 1465 1470 faciunt

1090 1499 1291 1555 Eparcua
1322 1501 1474 1555 patula
1507 1516 1643 1556 aquae

1090 1572 1281 1626 Epatula
1313 1573 1470 1627 pacula
1502 1588 1615 1628 aqua

1089 1643 1320 1699 Epycurus
1349 1644 1525 1699 quidam
1553 1647 1641 1687 casi
1676 1646 1953 1702 philosophis

1152 1716 1390 1758 manicheis
1418 1718 1515 1760 urbi
1538 1718 1658 1760 cuius
1674 1716 1706 1775 ¹)
1735 1719 1809 1774 qui
1836 1719 1955 1761 luxo-

1153 1788 1262 1829 riam
1321 1789 1462 1831 carnis
1520 1804 1740 1832 summum
1791 1791 1954 1833 bonum

1153 1874 1246 1901 esse
1280 1860 1390 1901 dixit

1090 1930 1422 1986 Epycureorum
1479 1936 1599 1976 secta
1655 1935 1709 1977 ab
1768 1950 1955 1991 epycoro

1151 2003 1364 2059 philopho
1416 2006 1560 2061 coepit
1613 2007 1686 2062 qui
1738 2022 1956 2050 summum

1152 2075 1316 2117 bonum
1374 2076 1420 2118 in
1471 2078 1667 2133 corporis
1724 2080 1956 2122 uoluntate

1150 2148 1328 2202 putabit

1091 2218 1341 2274 Epidaurus
1392 2221 1468 2263 ubi
1516 2222 1659 2278 gratie
1706 2225 1958 2279 aquoscola-

1153 2292 1251 2347 pius
1284 2307 1404 2335 rome
1438 2297 1505 2336 est
1538 2295 1746 2338 aduectus

316 2499 346 2529 1.
379 2494 487 2529 libris
515 2506 558 2530 σω
584 2493 700 2529 libros
728 2506 818 2530 corr.
852 2496 864 2540 ΙΙ
896 2499 928 2529 3.
956 2495 1167 2530 et-en-em-
1202 2497 1213 2540 ΙΙ
1248 2500 1301 2531 10.
1337 2496 1449 2531 ualde
1476 2509 1519 2532 eas
1546 2497 1686 2533 uualde
1713 2509 1804 2534 corr.
1830 2500 1834 2543 Ι
1857 2509 1958 2533 men-

196 2553 296 2588 ditur
333 2557 344 2597 ΙΙ
385 2558 438 2590 12.
467 2553 614 2589 emeriti
640 2553 817 2589 dicuntur
845 2555 850 2600 Ι
878 2553 1117 2599 locumquem
1146 2558 1150 2595 Ι
1180 2566 1218 2590 se
1244 2555 1554 2592 deseritemeritis
1593 2560 1604 2603 ΙΙ
1644 2562 1698 2592 13.
1732 2557 1889 2593 lucanus
1915 2570 1960 2593 ecc

192 2613 366 2650 ,lucianus
393 2625 484 2650 corr.
505 2616 517 2659 ΙΙ
539 2617 594 2650 14.
621 2613 827 2660 compleuit
853 2626 897 2649 ex
923 2614 1130 2660 complebit
1155 2627 1246 2651 corr.
1267 2628 1313 2652 m.
1329 2620 1349 2651 4
1373 2619 1377 2659 Ι
1401 2617 1491 2661 quia
1514 2618 1518 2664 Ι
1542 2617 1656 2652 emeri
1681 2630 1727 2654 m.
1743 2622 1776 2662 1,
1803 2618 1959 2653 emerire

195 2677 278 2708 m.4
309 2678 312 2718 Ι
341 2673 425 2708 isid.
453 2675 529 2710 cod.
563 2676 574 2719 ΙΙ
608 2677 661 2709 19.
697 2674 798 2718 quod
824 2674 870 2709 de
896 2675 997 2709 terra
1030 2676 1096 2709 aut
1123 2686 1223 2720 aqua
1254 2677 1265 2720 ΙΙ
1297 2679 1353 2711 20.
1380 2675 1530 2721 pictura
1558 2679 1562 2721 Ι
1594 2678 1724 2712 uetera
1753 2680 1764 2722 ΙΙ
1796 2681 1853 2713 22.
1886 2677 1959 2711 En-

197 2734 357 2780 cetegna
393 2735 405 2778 ΙΙ
444 2737 499 2769 29.
527 2733 716 2769 idolorum
742 2745 788 2769 ex
812 2733 1002 2769 idulorum
1029 2746 1120 2771 corr.
1159 2736 1171 2780 ΙΙ
1209 2738 1264 2770 30.
1294 2736 1409 2782 aqua]
1438 2747 1513 2781 qua
1544 2739 1549 2782 Ι
1582 2736 1718 2772 bibens
1750 2748 1795 2773 ex
1826 2737 1960 2772 uiuens

197 2804 288 2828 corr.
325 2795 329 2836 Ι
364 2792 464 2827 enim
496 2805 635 2839 aquam
667 2796 672 2839 Ι
706 2793 819 2839 ydros
845 2798 945 2839 m.1‚
977 2794 1072 2840 ydor
1098 2798 1180 2830 ΜΔ
1218 2797 1229 2840 ΙΙ
1268 2798 1322 2829 31.
1351 2794 1435 2832 isid.
1463 2797 1539 2832 cod.
1578 2798 1590 2841 ΙΙ
1627 2800 1683 2831 32.
1717 2796 1924 2831 Enisicium
1950 2797 1961 2844 ΙΙ

199 2855 255 2886 33.
283 2851 423 2887 sillaba
442 2855 453 2898 ΙΙ
474 2856 529 2888 34.
556 2854 651 2889 hanc
675 2855 722 2900 91.
750 2864 816 2889 om.
838 2856 849 2900 ΙΙ
869 2857 925 2890 35.
951 2854 1087 2901 patula
1113 2866 1213 2900 aqua
1232 2856 1243 2900 ΙΙ
1273 2858 1328 2890 36.
1357 2855 1513 2899 quidum
1538 2868 1583 2890 m.
1599 2859 1633 2901 1,
1660 2855 1816 2900 quidam
1841 2868 1886 2893 m.
1902 2860 1924 2892 4
1954 2857 1958 2905 Ι

200 2911 278 2946 casi
304 2923 348 2947 m.
365 2915 398 2956 1,
425 2912 535 2956 quasi
560 2916 644 2948 m.4
678 2914 683 2958 Ι
716 2911 963 2958 philosophus
998 2915 1003 2959 Ι
1037 2914 1256 2949 manicheus
1292 2917 1296 2957 Ι
1331 2914 1471 2949 urbicis
1498 2914 1563 2959 qui
1592 2917 1596 2959 Ι
1625 2914 1814 2951 luxuriam
1841 2917 1847 2963 Ι
1875 2915 1958 2952 isid.

200 2971 276 3007 eod.
316 2973 327 3016 ΙΙ
365 2974 421 3006 37.
448 2971 728 3017 Epycoreorum
756 2973 761 3017 Ι
796 2972 944 3018 epicoro
970 2985 1015 3009 m.
1032 2978 1065 3018 1,

1093 2973 1243 3019 epicuro
1270 2985 1315 3008 m.
1331 2977 1354 3008 4
1386 2978 1390 3018 Ι
1424 2973 1617 3020 phylopho
1646 2976 1650 3019 Ι
1686 2974 1924 3011 uoluntatem
1956 2978 1958 3010 ὲ

200 3030 352 3076 putauit
368 3034 379 3075 -l
407 3030 493 3066 isid.
521 3032 598 3067 cod.
634 3033 638 3076 Ι
675 3034 731 3067 38.
759 3031 848 3067 urbs
877 3035 881 3076 Ι
909 3033 1058 3078 gratiae
1083 3046 1128 3068 m.
1146 3037 1178 3078 1,
1206 3032 1351 3078 gretiae
1377 3037 1459 3068 m.4
1492 3038 1495 3072 Ι
1526 3044 1623 3078 aquo
1650 3034 1840 3081 scolapius
1866 3048 1912 3072 m.
1929 3040 1962 3081 1,

202 3101 299 3135 aquo
327 3089 539 3136 ascolapius
565 3103 610 3126 m.
627 3094 649 3126 4
672 3093 678 3136 Ι
701 3091 859 3126 aductus
885 3104 931 3128 m.
947 3096 980 3137 1,
1008 3092 1193 3127 adductus
1219 3104 1264 3127 m.
1281 3096 1301 3127 4
1334 3095 1345 3138 ΙΙ

276 3155 363 3187 Corp.
384 3157 475 3188 gloss.
496 3157 549 3183 lat.
570 3159 641 3184 tom.
656 3158 693 3184 V.

1630 3159 1672 3189 13
