2175 3428
645 125 902 162 EXCERP'I'A
927 127 992 161 EX
1018 126 1162 163 LIBRO
1191 127 1482 164 GLOSSARVM

184 235 442 290 Esquilinus
477 250 601 278 mons
633 236 679 278 in
711 237 818 279 urbe
849 252 973 279 roma

184 307 408 349 Estidram
447 322 577 363 quam
621 311 793 351 ueteres
833 323 1046 364 canapum

242 378 473 420 nominant

184 450 380 492 Aestiter
411 451 700 507 intercapitur

182 521 390 564 Ethesiae
422 522 549 564 fabra
581 524 634 565 ab
670 523 887 578 aquilonis
920 527 1022 565 sunt

146 605 162 630 5
183 593 363 636 Ethnici
395 594 626 650 ydolorum
660 595 850 637 cultores

183 665 399 708 Ethnicus
451 667 629 722 gentilis
681 667 795 722 quod
849 669 915 709 est
971 683 1044 722 pa-

243 751 382 793 ganus

183 808 251 850 Eu
282 808 529 852 interiectio
563 810 752 852 dolentis
786 812 852 851 est

182 880 252 922 Eu
277 895 364 923 uox
390 881 695 936 respondentis
722 896 796 923 eus
824 896 928 923 uero
959 897 1044 924 uox

196 941 201 944 ⁴
242 952 472 995 clamantis
506 956 573 995 est

182 1023 487 1067 Euerriatores
515 1025 590 1081 qui
622 1025 927 1068 defunctorum
955 1042 1045 1068 um-

243 1097 344 1138 bras
379 1097 594 1153 colligunt

133 1180 165 1205 ιο
184 1168 339 1210 Euirat
372 1168 592 1211 exanimat
624 1173 808 1212 euacuat

182 1240 413 1283 Euiscerat
445 1242 689 1284 excomedit
721 1244 903 1284 euacuat

182 1312 392 1355 Euitatus
426 1314 594 1356 occisus
626 1314 721 1356 uita
752 1313 952 1369 priuatus

183 1383 391 1427 Euitatus
408 1386 668 1440 perterritus
683 1385 753 1428 uel
768 1388 1045 1440 contemptus

245 1459 321 1498 aut
355 1457 524 1500 occisus

184 1527 443 1570 Eunucizati
477 1530 551 1584 qui
590 1530 643 1572 ab
687 1530 937 1572 hominibus
977 1545 1046 1572 eu-

242 1600 343 1642 nuci
375 1600 482 1642 facti
516 1605 618 1643 sunt

130 1687 163 1712 15
184 1670 372 1714 Euocati
411 1673 485 1727 qui
530 1673 724 1716 militant
769 1674 861 1716 sine
907 1688 1046 1716 sacra-

243 1746 391 1786 mento

185 1815 373 1858 Euocati
400 1816 467 1858 dei
489 1817 563 1872 qui
590 1818 759 1860 uocatis
788 1818 917 1859 ardor
944 1820 1045 1859 tuus

244 1891 293 1930 ut
326 1891 554 1931 transeant
587 1892 825 1932 euocantur

185 1960 375 2002 Eurotas
408 1961 548 2003 amnis
582 1961 799 2004 laconices
828 1961 950 2003 cuius
984 1976 1047 2003 ar-

244 2031 372 2074 bores
406 2032 590 2075 edidisse
619 2048 793 2075 carmen
824 2037 954 2089 poeta
986 2048 1048 2075 re-

244 2103 331 2145 fert
363 2119 493 2160 quem
526 2107 570 2146 et
602 2105 782 2147 beatum
815 2105 960 2148 dicent

186 2174 329 2217 Eurus
376 2176 637 2218 subsolanus
683 2177 870 2220 donatus
915 2180 1047 2219 notus

245 2250 392 2289 auster
403 2262 530 2290 eurus
545 2247 686 2290 dictus
700 2249 876 2291 nomine
889 2252 1046 2291 uentus

186 2318 330 2361 Eurus
369 2318 511 2361 dictus
551 2335 600 2362 eo
641 2321 756 2375 quod
794 2321 936 2363 habeo
971 2322 1049 2363 fiat

246 2390 289 2431 id
322 2395 390 2432 est
422 2391 476 2433 ab
511 2391 677 2434 oriente
704 2395 771 2434 est
804 2392 919 2435 enim
952 2408 1049 2435 cou-

246 2461 421 2504 iunctus
455 2463 739 2506 subsolanum

135 2549 169 2574 20
188 2532 258 2574 Eu
290 2534 535 2577 interiectio
568 2535 755 2577 dolentis

1856 131 1941 172 195

1084 237 1175 280 Eus
1207 253 1293 281 uox
1325 239 1555 281 clamantis

1082 308 1151 350 Eu
1185 324 1271 352 uox
1303 311 1606 366 respondentis

1082 380 1150 422 Ex
1198 381 1417 424 interdum
1461 398 1541 438 pro
1585 382 1712 425 ualde
1762 383 1941 437 ponitur

1143 452 1255 495 sicut
1295 454 1489 496 excelsus
1527 469 1607 510 pro
1639 455 1766 496 ualde
1800 455 1940 496 celsus

1143 524 1256 566 sicut
1295 524 1478 566 eximius
1517 525 1642 580 quasi
1681 526 1807 568 ualde
1842 526 1942 567 emi-

1141 610 1247 637 nens

1080 666 1318 723 Examplat
1350 668 1547 723 exaperit
1580 669 1757 711 exinuat

1081 738 1423 781 Exanclauerint
1454 740 1721 795 perculerint

1081 809 1310 853 Exanimis
1339 812 1538 853 mortuus
1560 811 1770 853 exanimis
1797 815 1943 855 autem

1965 755 1998 780 25

1144 885 1187 924 et
1220 883 1444 924 exanimus
1477 882 1662 925 dicimus
1702 883 1815 925 sicut
1853 884 1945 925 uni-

1144 953 1315 995 animus
1343 956 1387 995 et
1418 954 1654 996 unianimis
1682 955 1874 997 inermus
1903 958 1945 997 et

1143 1025 1322 1068 inermis
1362 1020 1406 1067 et
1443 1026 1527 1069 hoc
1563 1029 1717 1069 nostro
1760 1027 1944 1068 arbitrio

1143 1096 1339 1140 subiacet

1083 1168 1280 1211 Excanet
1312 1174 1519 1224 precanet

1083 1240 1360 1296 Excapillato
1394 1245 1494 1285 exto
1522 1243 1702 1285 brachio
1731 1243 1784 1285 ad
1811 1259 1944 1286 mam-

1144 1328 1261 1355 mam

1085 1385 1324 1440 Excecabit
1357 1386 1666 1428 obtenebrabit
1705 1391 1781 1430 aut
1819 1389 1945 1431 ualde

1145 1457 1313 1500 cecauit
1347 1473 1398 1500 ex
1437 1458 1552 1501 enim
1590 1473 1669 1514 pro
1707 1460 1834 1502 ualde
1874 1475 1946 1515 po-

1144 1530 1264 1572 nitur
1615 1521 1620 1527 ’

1083 1601 1270 1658 Excepit
1304 1605 1379 1644 aut
1411 1602 1618 1645 insidiose
1650 1604 1842 1659 suscepit
1869 1607 1946 1646 aut
1966 1620 2001 1644 30

1146 1674 1197 1715 ad
1232 1689 1381 1716 curam
1415 1689 1538 1716 suam
1570 1674 1789 1730 pertinere
1824 1675 1886 1717 ait

1085 1745 1351 1801 Exceptoria
1383 1746 1575 1789 cisterna

1084 1817 1350 1872 Exceptoria
1381 1818 1502 1861 lacus
1535 1818 1787 1861 collectoria

1084 1888 1397 1931 Excertantem
1430 1889 1670 1946 erigentem

1086 1960 1276 2002 Excetra
1333 1962 1521 2004 secunda
1579 1965 1646 2004 est
1703 1962 1825 2004 uelut
1885 1963 1947 2005 in-

1147 2036 1323 2087 exauste
1366 2033 1534 2088 malitie
1572 2033 1656 2075 hoc
1695 2037 1762 2076 est
1797 2035 1948 2089 ydram

1147 2119 1275 2160 quem
1308 2108 1480 2147 ueteres
1512 2105 1796 2148 nominarunt

1086 2175 1288 2218 Excilare
1322 2192 1420 2219 cum
1452 2193 1586 2220 uxore
1619 2193 1713 2220 esse
1968 2194 2002 2220 35

1086 2247 1349 2304 Excipulum
1381 2249 1647 2292 uenabulum
1683 2253 1852 2292 ueteres
1886 2251 1947 2293 di-

1148 2321 1305 2363 cebant

1088 2391 1296 2435 Excisum
1329 2394 1610 2449 cappulatum

1088 2464 1243 2506 Excite
1265 2465 1453 2508 excitate
1480 2466 1660 2508 lucanus
1680 2480 1796 2508 nunc
1819 2467 1947 2509 urbes

1150 2536 1288 2578 excite
1320 2537 1433 2579 feras

311 2702 340 2733 1.
369 2698 517 2745 eutropi
541 2700 618 2735 cod.
652 2702 663 2745 ΙΙ
695 2703 728 2736 2.
761 2699 1006 2735 nominarunt
1036 2702 1048 2746 ΙΙ
1079 2704 1111 2737 4.
1138 2701 1258 2736 flabra
1281 2704 1285 2745 1
1310 2702 1357 2737 ab
1384 2713 1450 2738 om.
1483 2704 1495 2748 ΙΙ
1528 2706 1559 2738 6.
1593 2702 1748 2737 Etnicus
1780 2705 1791 2748 ΙΙ
1823 2707 1855 2739 8.
1883 2714 1947 2738 eus

189 2768 278 2792 uero
304 2769 380 2792 uox
405 2757 606 2794 clamantis
633 2760 691 2794 est
716 2771 782 2796 om.
809 2762 820 2805 ΙΙ
852 2763 883 2796 9.
912 2760 1233 2809 defunctor{um
1259 2763 1270 2806 ΙΙ
1300 2765 1354 2797 10.
1381 2761 1575 2797 exanimat
1600 2764 1611 2808 ΙΙ
1641 2767 1696 2797 14.
1723 2762 1949 2798 Eunueizati

179 2821 290 2862 ·m.1‚
322 2816 575 2853 Eunuchizati
606 2821 690 2854 m.5
721 2823 765 2855 ut
795 2820 869 2855 vid.
905 2823 910 2864 1
943 2820 1053 2856 enuci
1077 2826 1176 2866 m.1,
1210 2821 1347 2856 enuchi
1377 2825 1461 2858 m.5
1492 2827 1535 2857 ut
1565 2822 1637 2858 vid.
1676 2824 1688 2867 Η
1727 2826 1782 2858 17.
1816 2821 1910 2857 dicit
1939 2823 1951 2868 1!

192 2879 247 2911 18.
276 2875 415 2923 dictus]
443 2879 481 2912 et
505 2879 617 2913 notus
647 2880 652 2922 1
686 2878 841 2914 nomina
869 2881 875 2925 Ι
908 2881 1107 2916 uentorum
1138 2883 1150 2926 Η
1184 2884 1237 2916 19.
1266 2881 1314 2915 ab
1342 2892 1384 2916 οο
1414 2885 1418 2923 3
1454 2880 1656 2916 subsolano
1685 2883 1690 2925 Ι
1725 2880 1808 2916 isid.
1836 2882 1913 2917 cod.
1939 2882 1951 2928 Ιῖ

191 2939 248 2970 21.
274 2936 370 2971 hanc
395 2937 442 2982 ql.
470 2948 538 2973 om.
571 2938 583 2982 Η
615 2941 670 2973 23,
698 2937 783 2973 isid.
810 2940 886 2975 cod.
915 2941 928 2985 ΙΙ
959 2944 1016 2976 24.
1043 2940 1232 2986 exemplat
1260 2942 1272 2985 ΙΙ
1304 2943 1359 2975 25.
1387 2939 1626 2985 pertullerint
1657 2942 1668 2986 11
1700 2944 1756 2976 26.
1784 2942 1822 2976 et
1846 2952 1914 2977 om.
1944 2942 1948 2988 Ι

192 2993 410 3035 uniamjmis
436 3007 481 3032 ex
506 2995 721 3030 uniam-lmus
747 3008 839 3034 corr.
863 2999 867 3044 Ι
890 3004 974 3035 a‘nte
999 2999 1164 3035 inermus
1191 3001 1275 3036 add.
1298 3001 1336 3035 et
1360 2999 1576 3034 unianimus
1602 3001 1682 3046 (sic)
1707 3002 1711 3046 Ι
1734 3000 1914 3036 inhermis
1944 3000 1948 3047 Ι

192 3054 287 3089 haec
318 3044 416 3100 1130.
443 3055 632 3100 pertinere
658 3055 714 3090 ait
739 3069 784 3093 m.
800 3060 833 3103 1,
865 3058 1056 3104 pertineat
1087 3062 1170 3094 m.4
1201 3062 1212 3104 ΙΙ
1245 3062 1300 3094 34.
1334 3058 1555 3094 inexaustae
1581 3071 1626 3095 m.
1642 3063 1675 3104 1,
1701 3059 1951 3096 inexhaustae

194 3117 277 3149 m.5
303 3118 345 3149 ut
369 3115 514 3150 videtur
542 3117 547 3159 1
574 3115 646 3151 1100
672 3117 729 3150 est
754 3128 821 3153 om.
844 3118 850 3163 Ι
878 3129 950 3163 que
980 3120 993 3164 11
1025 3122 1080 3154 35.
1108 3118 1285 3154 excillare
1317 3120 1328 3164 ΙΙ
1361 3122 1415 3155 37.
1445 3118 1664 3164 capulatum
1694 3121 1706 3164 ΙΙ

1589 3179 1661 3214 13*
