2216 3402
201 133 254 173 lO
646 132 877 168 PLACIDVS
903 132 1156 167 LIBRORVM
1181 131 1495 167 ROMANORVM

258 242 371 284 cullo
399 242 614 284 cucullum
642 241 805 283 cuculle
828 257 852 282 a
879 231 1045 283 cucullo

256 317 299 355 et
323 313 551 368 pluraliter
584 313 644 355 sic
678 312 927 354 declinatur.

197 383 473 426 Contendunt
517 383 839 425 contentionem
884 383 1048 425 habent

255 455 324 497 uel
355 456 590 510 prodocent
621 454 690 495 uel
720 457 929 496 asserunt.

197 526 417 582 Corrigiae
456 541 479 567 a
518 526 646 567 coriis
678 528 891 567 uocantur
922 526 991 568 uel
1024 541 1049 568 a

256 598 508 640 collectione
543 596 666 651 quasi
702 596 896 652 colligae.

198 667 371 711 Culleus
393 682 547 724 genere
570 668 807 709 masculino
827 668 1046 724 geminato

255 740 302 781 .l.
342 740 500 781 dicitur
538 742 604 780 est
646 741 790 780 autem
835 754 885 780 ex
930 740 1047 781 corio

254 810 394 852 factus
409 810 454 852 in
469 825 553 866 quo
574 811 788 865 paricidae
810 824 905 851 cum
924 810 1050 852 simia

255 884 297 923 et
336 882 452 937 gallo
493 885 536 923 et
574 884 772 936 serpente
811 881 967 923 inclusi
1005 882 1050 922 in

254 967 370 994 mare
396 953 667 1008 proiciuntur
690 953 796 994 alias
824 953 1050 1007 precipita-

254 1024 424 1065 bantur.

196 1093 399 1137 Catinum
431 1110 508 1137 uas
540 1095 673 1137 fictile
710 1095 862 1136 melius
895 1097 1048 1136 neutro

255 1166 437 1207 dicimus
459 1181 587 1220 quam
614 1166 851 1207 masculino
878 1181 977 1207 nam
1007 1168 1050 1207 et

256 1236 441 1277 salinum
498 1237 656 1279 dicitur
714 1237 822 1278 nihil
880 1237 1049 1278 ominus

254 1310 407 1349 neutro
447 1308 569 1362 quasi
609 1310 758 1362 aptum
801 1308 965 1349 salibus
1008 1311 1050 1349 et

256 1379 408 1420 melius
433 1378 494 1421 sic
510 1378 689 1420 dicimus
705 1393 834 1433 quam
849 1379 1051 1420 catinum.

160 1448 455 1504 5C0nspirare
499 1450 606 1491 bene
651 1449 834 1491 dicimus
877 1450 947 1491 uel
1000 1450 1051 1491 ad

253 1522 417 1562 bonum
448 1521 517 1562 uel
550 1521 602 1561 ad
636 1521 809 1562 malum.

197 1592 398 1634 Cribrum
429 1606 518 1634 non
550 1591 757 1633 ciribrum
788 1594 944 1633 neutro
981 1605 1050 1647 ge-

253 1678 354 1705 nere
387 1663 525 1719 magis
559 1662 739 1704 dicimus
773 1677 902 1717 quam
935 1677 1048 1704 mas-

257 1735 411 1776 culino.

197 1806 333 1860 Cepta
362 1805 534 1860 incepta
567 1805 804 1859 composite
837 1808 990 1846 mutat.

197 1876 350 1918 Cancri
383 1880 500 1918 estus
544 1876 697 1918 melius
730 1876 888 1918 dicitur
921 1891 1049 1931 quam

256 1963 391 2003 cryos.

197 2017 476 2061 Cancrarium
517 2019 631 2059 enim
672 2021 797 2072 putet
839 2032 966 2072 quam
1012 2018 1049 2059 si

255 2092 455 2144 putescat
490 2090 581 2143 ipse
614 2104 776 2131 cancer.

145 2170 178 2194 10
199 2159 422 2202 Concordo
480 2163 522 2201 et
579 2160 814 2202 concordor
876 2175 1048 2214 quoquo

255 2232 382 2273 modo
414 2231 578 2273 fabrico
611 2234 655 2272 et
686 2230 886 2273 fabricor.

198 2302 495 2345 Combusserit
513 2302 732 2357 geminato
755 2317 798 2343 .s.
819 2302 1047 2343 scribimus
1066 2325 1070 2329 ·

256 2372 360 2414 facit
391 2372 505 2413 enim
538 2373 742 2414 comburo
776 2373 1005 2414 combussi.

198 2442 425 2485 Centurias
458 2447 602 2498 partes
630 2444 840 2486 exercitus
868 2444 1049 2486 dicimus

258 2514 301 2554 in
329 2517 529 2556 centenos
562 2515 723 2555 milites
751 2515 911 2556 diuisas
938 2515 1049 2556 unde

259 2588 302 2625 et
336 2585 407 2639 qui
440 2585 507 2625 his
538 2588 744 2639 praesunt
777 2586 1048 2628 centuriones

259 2656 459 2696 dicuntur
486 2670 588 2711 crgo
616 2657 921 2697 succenturiati
950 2660 1051 2698 sunt

258 2742 343 2769 non
383 2727 454 2781 qui
496 2727 534 2768 in
576 2726 726 2780 prima.
782 2727 853 2768 sed
895 2727 967 2780 qui
1008 2728 1051 2768 in

1144 241 1329 284 secunda
1362 241 1555 283 centuria
1583 243 1683 282 sunt
1710 241 1833 296 quasi
1861 256 1938 296 pro

1144 313 1283 367 prima
1322 313 1515 354 centuria
1553 316 1698 354 tamen
1735 313 1940 355 instructi

1146 384 1276 425 etiam
1308 383 1391 438 ipsi
1430 384 1475 424 1-11
1508 383 1694 439 speculis
1726 383 1861 438 positi
1894 384 1941 425 in
1967 375 1976 384 ’

1145 455 1260 496 bello
1288 458 1388 496 sunt
1414 457 1464 496 ut
1480 455 1524 496 'si
1551 454 1680 510 primi
1706 453 1940 496 defecerint

1146 526 1219 567 isti
1252 540 1359 580 quos
1399 526 1478 567 sub
1517 540 1560 567 se
1601 525 1785 567 diximus
1823 525 1941 567 labo-

1145 597 1340 639 rantibus
1367 597 1518 652 primis
1547 597 1805 639 subueniant
1830 597 1940 639 unde

1145 671 1188 709 et
1220 669 1272 710 ad
1312 667 1603 709 insidiandum
1640 668 1818 722 ponitur
1850 682 1942 710 8110-

1146 738 1411 780 centuriatus
1445 739 1579 793 quasi
1607 739 1738 780 armis
1778 739 1939 781 dolosis

1146 809 1397 851 instructus.

1087 879 1239 922 Celebs
1266 895 1342 935 per
1369 881 1431 922 .b.
1459 881 1687 923 scribimus
1707 881 1778 922 hic
1799 880 1940 923 celebs

1146 951 1306 993 celibis.
1323 951 1459 993 celibi.
1472 951 1678 993 hicelibes
1691 952 1940 994 accusatiuo

1148 1022 1304 1064 celibes
1321 1023 1478 1064 celibes
1499 1025 1587 1064 tres
1615 1037 1670 1064 .s.
1697 1022 1742 1063 in
1761 1036 1941 1064 numero

1145 1093 1303 1148 plurali
1316 1096 1358 1135 et
1369 1094 1405 1135 si
1421 1093 1750 1148 ethimologiam
1762 1107 1941 1147 quaeras

1147 1165 1287 1207 celebs
1310 1165 1467 1207 dicitur
1488 1164 1611 1219 quasi
1632 1164 1751 1206 caelo
1777 1164 1943 1207 beatus.

1088 1234 1343 1278 Censorium
1387 1251 1464 1291 per
1503 1236 1550 1277 .i.
1589 1235 1818 1277 scribimus
1854 1250 1943 1277 non

1146 1322 1223 1362 per
1250 1322 1306 1348 .e.
1352 1309 1418 1349 est
1445 1309 1589 1348 autem
1623 1306 1841 1348 censorius
1869 1306 1942 1362 qui

1150 1379 1305 1434 dignus
1332 1381 1398 1420 est
1430 1381 1478 1420 ut
1511 1378 1568 1419 sit
1595 1391 1746 1419 censor
1772 1377 1841 1419 uel
1869 1378 1943 1432 qui

1149 1449 1236 1490 iam
1286 1449 1381 1491 fuit.
1445 1449 1557 1504 apud
1607 1451 1776 1491 ueteres
1828 1449 1943 1490 enim

1147 1535 1350 1562 romanos
1395 1535 1601 1576 magnum
1646 1522 1739 1561 erat
1785 1534 1944 1562 nomen

1149 1591 1338 1633 censoris
1360 1594 1402 1632 et
1424 1590 1612 1647 dignitas
1634 1591 1676 1632 id
1697 1593 1764 1632 est
1789 1591 1942 1634 iudicis

1148 1665 1239 1703 tam
1257 1662 1496 1717 primorum
1511 1677 1640 1717 quam
1659 1676 1830 1704 morum
1851 1677 1944 1704 cen-

1148 1749 1240 1775 sere
1273 1733 1387 1775 enim
1419 1734 1607 1774 iudicare
1641 1736 1717 1774 est.

1089 1804 1285 1848 Collocat
1336 1804 1489 1846 melius
1541 1804 1722 1846 dicimus
1772 1819 1849 1859 per
1894 1805 1941 1848 .l.

1147 1876 1320 1917 mollior
1357 1878 1401 1916 et
1437 1875 1575 1916 leuior
1613 1890 1743 1916 sonus
1776 1878 1843 1917 est
1880 1875 1942 1917 in-

1146 1947 1315 1989 terdum
1347 1947 1461 1987 enim
1487 1945 1750 2000 praepositio
1775 1961 1943 2000 praece-

1145 2019 1248 2059 dens
1300 2017 1433 2058 sumit
1482 2016 1676 2058 litteram
1721 2017 1941 2071 sequentis

1146 2088 1280 2131 uerbi.

1088 2160 1279 2203 Censura
1326 2159 1457 2200 animi
1502 2161 1568 2200 est
1616 2173 1704 2200 11011
1747 2158 1940 2214 corporis

1144 2230 1239 2271 ideo
1285 2230 1438 2271 melius
1484 2229 1776 2271 membrorum
1819 2230 1941 2272 deco-

1145 2317 1235 2343 rem
1262 2303 1337 2342 aut
1365 2300 1730 2355 pulchritudinem
1757 2300 1938 2342 dicimus

1146 2387 1276 2427 quam
1314 2386 1538 2413 censuram
1577 2373 1720 2412 tamen
1755 2370 1857 2426 quia
1894 2371 1940 2412 in

1145 2459 1225 2485 usu
1247 2443 1489 2485 censorium
1514 2441 1734 2483 hominem
1755 2441 1938 2484 dicimus

1146 2514 1374 2569 pulchrum
1407 2513 1467 2554 810
1505 2515 1650 2568 potest
1682 2514 1725 2552 et
1757 2512 1809 2554 ad
1847 2512 1942 2566 pul-

1147 2584 1436 2627 chritudinem
1469 2582 1631 2624 referri.

1089 2655 1421 2710 Caroeophilum
1460 2654 1521 2695 sic
1560 2653 1788 2695 scribimus
1828 2654 1942 2708 quod

1147 2727 1304 2781 uulgus
1339 2724 1634 2778 cariophalum
1666 2724 1827 2766 dicunt.

307 2918 337 2948 3.
372 2914 427 2947 uel
464 2914 787 2959 precipitabantur
817 2913 1110 2958 (precipitantur
1136 2916 1166 2958 c)
1195 2916 1240 2950 bc
1271 2916 1311 2949 in
1342 2924 1455 2958 mary.
1493 2914 1504 2956 ΙΙ
1542 2916 1573 2947 9.
1608 2910 1850 2947 Caum-arium
1879 2923 1902 2946 a
1936 2914 1941 2957 Ι

203 2972 309 3015 quasi
343 2984 360 3007 ο
397 2975 406 3017 ΙΙ
446 2977 498 3007 13.
533 2973 590 3006 hie
619 2985 683 3007 om.
706 2986 729 3007 (ι
763 2976 767 3016 Ι
802 2974 875 3007 tres
904 2972 1046 3006 scilicet.
1071 2984 1089 3007 c
1124 2976 1127 3015 Ι
1162 2972 1302 3017 plurari
1329 2985 1352 3007 (ι
1387 2974 1399 3017 ss
1439 2974 1492 3006 14.
1522 2982 1586 3015 Der
1612 2983 1628 3005 s
1655 2972 1675 3006 b
1709 2973 1714 3014 1
1748 2981 1814 3015 per
1839 2981 1858 3004 0
1885 2970 1904 3004 b
1936 2969 1941 3016 Ι

204 3033 244 3064 ut
271 3031 321 3064 81(-
349 3045 369 3065 a
406 3034 410 3074 Ι
453 3032 473 3065 f.
503 3032 747 3076 prawmiorum
776 3031 1090 3077 pati-omonimum
1118 3032 1156 3066 b‘2
1183 3034 1221 3066 in
1241 3043 1353 3077 marg).
1391 3033 1403 3075 ΙΙ
1442 3034 1495 3065 15.
1523 3029 1641 3064 1011101·
1667 3030 1686 3064 b
1727 3031 1732 3073 1
1772 3028 1836 3063 ubi
1863 3033 1944 3063 ante

204 3103 294 3126 corr.
323 3091 341 3125 b
367 3093 378 3134 11
407 3094 458 3124 113.
488 3091 719 3125 meula-orum
748 3105 769 3126 (ι
795 3094 806 3136 Η
839 3096 891 3126 17.
920 3090 1202 3136 Cui-ocophilum
1230 3092 1279 3126 ab
1309 3093 1314 3136 l
1345 3089 1599 3134 cariopholum
1626 3091 1645 3124 b
1674 3091 1685 3133 ΙΙ

1964 1801 1997 1842 15
