2175 3428
218 155 304 198 238

219 265 379 315 Qualos
427 264 577 306 corbes
622 262 802 317 colaque
850 262 1070 317 prelorum

276 352 352 392 per
380 350 489 390 quos
517 337 686 376 mustus
718 333 814 375 fluit
840 348 866 376 a
892 334 1071 376 colendo

277 408 391 449 dicta

218 479 397 528 Quando
431 493 531 534 sepe
564 492 643 533 pro
671 477 975 520 coniunctione
1001 492 1074 533 po-

276 551 396 592 nitur
439 550 522 592 hoc
561 552 628 591 est
667 549 872 605 quoniam
915 552 965 591 ut
1009 552 1075 591 est

276 621 376 663 illut
407 621 478 663 hic
511 621 592 662 tibi
626 620 752 663 fabor
784 621 955 676 quando
995 621 1074 676 hec

276 696 319 735 te
365 708 515 736 curare
559 693 729 734 mordet
770 696 814 734 et
859 691 1073 749 quando¹)

276 780 443 821 nequeo
477 765 690 807 crudelem
724 764 981 819 abrumpere
1014 764 1075 806 ui-

277 840 367 879 tam
398 837 501 878 hinc
526 836 579 877 ad
607 835 820 891 tarpeiam
848 836 991 877 sedem
1019 836 1071 878 ad

274 909 418 952 locum
453 909 506 950 ad
545 907 751 963 capitolia
783 907 903 950 ducit
944 923 1074 950 aurea

276 996 352 1036 per
376 981 521 1023 locum
542 966 666 1022 tacit
676 982 779 1021 tune
808 994 893 1034 qua
919 994 1072 1021 manus

276 1052 562 1094 redadtollere
583 1051 711 1093 nobis
734 1066 758 1092 a
778 1054 904 1107 tergo
932 1051 1074 1106 possit

276 1123 472 1166 custodie
506 1126 550 1165 et
582 1122 744 1165 consile

216 1195 433 1245 Quattuor
454 1197 663 1250 quattuor
683 1194 849 1250 species
873 1194 1073 1236 diuidunt

275 1266 478 1323 uirgilius
511 1267 676 1309 bonum
709 1265 891 1308 maritos
925 1266 1072 1322 gregis

275 1338 478 1381 uictimas
512 1341 707 1381 aratores
736 1338 1003 1380 armentiuos
1029 1341 1073 1380 te

276 1426 458 1466 quorum
494 1412 702 1465 quattuor
734 1410 928 1452 currules
962 1409 1073 1452 dor‘i-

275 1483 409 1525 farios
461 1481 748 1524 admessarios
805 1481 1073 1523 armentiuos

277 1553 421 1613 (Isia.)

219 1625 473 1680 Queritatur
494 1624 568 1680 qui
589 1624 761 1666 assidue
776 1625 992 1667 clamosus
1008 1627 1074 1666 est

182 1712 197 1735 5
219 1696 549 1752 Questionarius
584 1696 781 1751 quesitor

218 1770 407 1824 Questor
438 1768 686 1824 prepositus
720 1771 763 1809 et
796 1767 1070 1810 consiliarius

276 1841 350 1896 qui
370 1839 590 1896 publicam
617 1839 844 1894 pecuniam
864 1842 1073 1895 prerogat

218 1913 454 1966 Questores
481 1911 586 1953 dicti
608 1911 732 1966 quasi
760 1911 1000 1966 quesitores
1022 1926 1072 1953 eo

277 1983 391 2039 quod
423 1983 724 2038 questionibus
764 1975 944 2038 presunt
976 1998 1073 2025 con-

277 2056 421 2097 silium
443 2057 587 2097 autem
608 2058 652 2096 et
672 2056 884 2109 causaput
911 2068 985 2096 eos
1007 2056 1074 2095 est

218 2127 406 2182 Questor
444 2141 469 2167 a
506 2126 722 2181 querendo
765 2125 906 2168 dictus
948 2125 1072 2180 quasi

279 2198 472 2253 quesitor

219 2269 452 2324 Questores
481 2268 572 2311 siue
593 2269 834 2324 quesitores
861 2284 1068 2312 uocamus

278 2343 477 2383 auctores
505 2341 763 2383 iuditiorum
785 2344 828 2384 et
854 2341 1072 2396 praeposi-

280 2417 348 2455 tos
386 2412 595 2454 iudicium
633 2413 748 2455 enim
787 2413 892 2455 olim
933 2412 1073 2469 inqui-

279 2484 381 2527 sitio
413 2484 652 2527 uocabatur

166 2572 199 2596 ιο
220 2555 488 2611 Questuosus
523 2556 870 2612 querimoniosus

315 2699 350 2742 1)
375 2701 458 2742 post
484 2698 634 2742 quando
661 2698 797 2735 lacuna
823 2701 917 2734 3-4
943 2698 1012 2735 litt.
1033 2700 1045 2743 ΙΙ

676 152 930 208 ΕΧΟΕῌΡΤΑ
955 152 1021 187 EX
1046 152 1189 187 LIBRO
1217 151 1508 188 GLOSSARVM

1111 261 1397 316 Questuarius
1442 261 1516 316 qui
1565 264 1721 316 questu
1771 263 1964 318 corporis

1173 334 1283 375 uiuit

1114 405 1356 455 Quesumus
1390 419 1596 462 rogamus

1114 476 1228 526 Quin
1259 477 1407 532 potius
1441 477 1544 534 quin
1576 477 1704 519 modo
1738 491 1848 533 quur
1878 492 1962 519 non

1173 547 1284 589 alius
1317 548 1450 591 immo
1476 552 1526 590 ut
1553 549 1657 604 quin
1684 563 1786 605 ages
1815 548 1967 604 inquid

1171 619 1306 661 habes
1347 621 1452 662 alias
1491 621 1587 663 ideo
1627 620 1731 676 quin
1767 620 1967 676 protinus

1173 692 1319 733 omnia
1349 693 1622 749 perlegerent
1655 692 1791 735 oculis

1113 761 1227 811 Quin
1259 762 1391 805 etiam
1424 765 1528 819 quin
1567 764 1800 820 aliquando
1836 764 1966 821 signi-

1171 834 1273 876 ficat
1295 835 1427 877 etiam
1448 850 1551 892 ergo
1573 837 1687 892 quod
1708 836 1809 892 quia
1833 835 1966 878 immo

1172 909 1247 948 aut
1279 922 1382 949 uero

1112 977 1283 1027 Quinici
1327 978 1531 1034 philosofi
1576 982 1678 1021 sunt
1720 994 1745 1021 a
1786 979 1966 1022 canibus

1170 1050 1309 1092 uitam
1366 1051 1570 1092 ducentes
1635 1051 1789 1105 quinos
1852 1050 1966 1092 enim

1171 1135 1297 1177 grece
1331 1122 1448 1164 canis
1481 1122 1640 1165 dicitur

1111 1192 1400 1249 Quinquatria
1453 1194 1642 1249 quinque
1698 1193 1967 1249 porticorum

1171 1265 1363 1307 ambitus
1395 1269 1502 1321 puto

1112 1336 1318 1385 Quintilis
1350 1352 1509 1380 nomen
1542 1338 1702 1380 mensis
1736 1335 1831 1378 iulii
1864 1337 1966 1391 quia

1172 1409 1350 1464 quintus
1396 1412 1462 1452 est
1507 1425 1531 1452 a
1575 1398 1733 1452 martio
1779 1409 1852 1464 qui
1900 1411 1967 1450 est

1171 1483 1302 1536 caput
1335 1481 1435 1523 anni
1469 1483 1574 1536 aput
1604 1481 1790 1535 hebreos

1112 1551 1316 1601 Quirinus
1369 1553 1621 1595 sabinorum
1670 1553 1822 1608 lingua
1871 1554 1967 1593 arta

1171 1625 1281 1666 unde
1321 1627 1365 1666 et
1402 1627 1557 1680 postea
1593 1623 1795 1666 romulus
1826 1623 1966 1666 dictus

1172 1700 1238 1738 est
1278 1697 1474 1751 quirinus
1513 1696 1613 1752 quia
1651 1695 1826 1738 sabinos
1866 1696 1966 1737 sub-

1170 1768 1260 1825 egit

1112 1839 1303 1890 Quiritat
1336 1840 1479 1896 querit

1111 1912 1303 1962 Quiritat
1336 1911 1410 1967 qui
1441 1927 1519 1968 per
1552 1911 1773 1967 publicam
1806 1910 1965 1953 clamat

1113 1984 1381 2039 Quisquilias
1409 1986 1699 2040 purgamenta
1725 1983 1818 2024 sibe
1843 1985 1966 2039 tegu-

1170 2058 1317 2098 menta
1343 2056 1393 2097 de
1423 2055 1705 2097 sumitatibus
1733 2053 1964 2096 cortitibus

1170 2142 1252 2182 que
1284 2141 1514 2182 pomorum

1111 2198 1281 2249 Quodni
1315 2198 1428 2254 quod
1459 2198 1544 2241 nisi

1110 2269 1203 2320 Quo
1237 2271 1375 2325 sidere
1408 2270 1530 2313 cuius
1570 2269 1722 2311 sideris
1763 2272 1862 2311 ortu
1893 2269 1963 2312 uel

1170 2357 1324 2385 occasu
1355 2342 1399 2396 id
1432 2344 1498 2384 est
1531 2356 1616 2397 quo
1649 2344 1844 2396 tempore

1110 2413 1343 2469 Quousque
1365 2414 1539 2456 tandem
1555 2428 1778 2469 quousque
1796 2428 1964 2456 moram

1112 2485 1344 2541 Quousque
1389 2485 1566 2527 tandem
1607 2484 1783 2527 abutere
1828 2485 1965 2528 catili-

1134 2573 1236 2600 nam
1267 2557 1528 2613 patientiam
1550 2559 1750 2600 nostram
1802 2571 1958 2612 quous-

316 2808 345 2839 1.
375 2804 513 2846 Qualos
538 2817 582 2841 m.
598 2809 632 2852 1,
659 2805 797 2848 Quales
822 2808 904 2841 m.4
933 2806 938 2852 1
968 2804 1053 2840 fluit
1077 2817 1121 2841 ex
1146 2805 1219 2840 fliit
1242 2817 1334 2843 corr.
1363 2809 1367 2851 Ι
1398 2805 1556 2842 colando
1588 2808 1600 2852 ΙΙ
1631 2809 1665 2843 2.
1698 2805 1849 2851 quando
1875 2817 1965 2853 ager

511 2873 524 2890 l

220 2911 362 2945 nequeo
385 2903 390 2945 1
412 2900 599 2946 turpeiam
626 2902 705 2947 (sic)
728 2903 733 2946 Ι
762 2912 876 2936 aurea
900 2911 997 2936 nunc
1020 2901 1024 2949 Ι
1047 2900 1300 2948 locum-ntae}
1329 2903 1419 2938 tune
1441 2905 1445 2948 Ι
1479 2902 1544 2938 sed
1571 2891 1753 2938 adtollere
1775 2904 1780 2946 1
1801 2900 1918 2947 possib
1956 2900 1960 2948 Ι

221 2962 274 3006 et]
302 2972 346 2995 ex
371 2962 383 3006 ss
408 2964 439 2996 6.
468 2963 505 2996 et
529 2973 574 2997 ex
600 2972 643 2995 ex
669 2972 759 2997 corr.
786 2962 798 3006 ΙΙ
827 2966 856 2997 7.
885 2956 1011 2996 autem
1037 2971 1081 2996 ex
1108 2972 1200 2996 ausa
1224 2963 1294 3007 put
1320 2965 1329 3004 ῐ
1355 2963 1412 2997 est
1438 2964 1471 3005 l}
1496 2974 1540 2998 ex
1566 2963 1624 2997 est
1647 2973 1739 2998 corr.
1765 2963 1777 3007 ΙΙ
1808 2964 1840 2997 9.
1866 2959 1963 2995 iudi-

221 3019 359 3054 ciorum
380 3022 392 3065 ῃ
422 3024 475 3055 13.
503 3020 633 3065 pocius
655 3021 661 3066 Ι
683 3031 749 3055 cur
773 3032 817 3056 ex
842 3032 937 3065 quur
962 3032 1053 3056 corr.
1072 3022 1084 3065 ΙΙ
1115 3024 1167 3056 15,
1195 3021 1411 3068 philosophi
1438 3024 1450 3068 ΙΙ
1479 3025 1534 3057 17.
1560 3021 1688 3067 kapud
1710 3025 1714 3067 Ι
1736 3021 1894 3070 hebreos
1919 3032 1965 3057 ex

222 3079 351 3127 ebreos
377 3091 467 3115 corr.
488 3082 500 3126 fl
526 3083 580 3115 18.
608 3081 693 3115 asta
718 3082 729 3126 ΙΙ
755 3083 810 3115 19.
838 3079 1011 3123 Queritat
1036 3091 1080 3116 ecc
1106 3078 1270 3122 Quiritat
1295 3093 1384 3117 corr.
1411 3082 1423 3127 ΙΙ
1449 3085 1504 3117 20.
1533 3080 1704 3123 Queritat
1728 3092 1773 3117 εει,-
1799 3079 1964 3123 Quiritat

221 3150 311 3174 corr.
344 3141 355 3184 ΙΙ
387 3143 442 3173 21.
470 3139 548 3174 siue
572 3140 577 3185 Ι
600 3139 800 3174 corticibus
826 3141 838 3186 ΙΙ
870 3144 925 3175 23.
953 3150 1113 3175 occausu
1145 3142 1156 3184 ΙΙ
1187 3143 1243 3177 24.
1272 3140 1551 3183 Quoustandem
1576 3142 1588 3186 ΙΙ
1617 3145 1672 3177 25.
1699 3139 1927 3186 pacientiam
1954 3140 1959 3188 Ι

1988 991 2020 1016 15

1986 1925 2020 1950 20

1985 2496 2019 2522 25
