2216 3402
237 126 293 167 32

234 235 464 278 Manubiae
486 236 687 278 dicuntur
703 237 842 291 spolia
861 235 1089 278 hostilium

295 322 403 362 quae
444 323 468 349 a
505 322 605 363 rege
646 311 722 349 aut
759 308 864 349 duce
897 307 1090 349 eiusdem

295 380 495 421 manibus
523 380 806 433 deportantur
833 381 881 420 ut
908 379 1088 421 exuuiae

295 454 338 492 et
370 451 571 492 induniae
605 450 817 493 dicuntur.

235 521 439 564 Munifica
478 526 521 564 et
554 522 782 564 munificus
824 522 983 564 dicitur
1015 523 1089 577 qui

294 593 423 634 alicui
450 594 589 635 multa
617 609 796 635 munera
821 594 895 635 dat
921 594 989 635 uel
1015 594 1089 635 ille

295 665 368 719 qui
395 679 552 706 munus
579 680 705 707 suum
733 665 776 707 id
803 669 869 707 est
897 666 1091 708 officium

295 737 409 790 quod
441 736 568 778 debet
594 737 748 792 implet
779 741 829 779 ut
861 741 968 793 puta
1001 753 1098 780 mus

292 808 573 850 nificarecilia
611 808 795 864 imperio
833 824 1012 852 romano
1046 811 1089 851 id

294 882 361 921 est
400 894 508 934 quae
550 881 588 921 ei
631 880 888 935 impositum
933 896 1088 922 munus

294 954 489 1006 praestet
522 952 791 1007 obsequium.

235 1022 378 1065 Macte
410 1023 593 1065 uerbum
626 1026 692 1065 est
724 1025 832 1065 bene
863 1024 992 1066 alicui
1020 1039 1090 1080 op-

294 1095 407 1136 tanti
451 1098 500 1136 ut
544 1095 746 1151 uirgilius
793 1096 898 1137 dicit
948 1099 1089 1138 macte

293 1182 408 1209 noua
440 1167 603 1208 uirtute
636 1182 742 1221 puer
772 1166 856 1209 hoc
889 1170 956 1209 est
983 1168 1090 1209 mul-

295 1241 389 1279 tum
423 1241 546 1280 aucte
579 1252 735 1294 magne
770 1253 878 1293 puer
917 1242 960 1281 et
993 1240 1090 1281 sub-

292 1309 423 1351 limis.

233 1380 528 1423 Meditullium
561 1381 719 1424 dicitur
751 1382 794 1424 in
825 1398 910 1438 quo
943 1383 1090 1439 aliqua

293 1453 560 1495 meditantur
611 1453 701 1495 siue
746 1455 799 1496 ad
849 1455 1089 1497 docendum

295 1525 386 1567 siue
420 1525 473 1567 ad
506 1526 769 1568 discendum.

236 1596 389 1639 Murex
428 1597 587 1639 dicitur
623 1598 766 1640 coclea
798 1598 930 1640 maris
964 1601 1090 1641 acuta

295 1683 405 1723 quae
445 1669 530 1712 alio
563 1670 737 1712 nomine
771 1670 987 1712 conchilia
1016 1686 1089 1713 no-

294 1740 486 1782 minatur
518 1756 569 1782 ex
600 1756 685 1796 qua
710 1757 903 1797 purpura
927 1742 1088 1784 nobilis

295 1812 488 1855 inficitur
550 1813 752 1855 dicuntur
804 1817 847 1855 et
902 1814 1088 1857 murices

295 1887 444 1938 petrae
477 1884 523 1925 in
554 1884 678 1927 leone
713 1885 877 1928 similes
910 1886 1087 1928 muricis

293 1955 422 1998 huius
480 1956 756 1998 acutissimae
810 1960 854 1999 et
902 1958 1088 2000 nauibus

293 2027 574 2082 perniciosae.

236 2098 369 2140 Mista
401 2113 605 2154 graecum
637 2102 704 2141 est
743 2100 785 2141 id
819 2103 885 2142 est
916 2101 1090 2143 misceri

297 2173 448 2212 auctor
492 2171 745 2213 summistra
790 2172 863 2227 qui
908 2173 988 2214 sub
1040 2187 1089 2214 eo

296 2244 362 2284 est
398 2242 468 2284 uel
512 2242 658 2284 uerbis
703 2243 874 2285 blandis
914 2244 1007 2285 dele
1046 2243 1090 2285 in

295 2313 415 2355 reani
442 2329 466 2354 a
492 2314 631 2356 multo
658 2314 702 2356 id
729 2318 795 2356 est
820 2315 948 2356 melle
976 2315 1091 2370 quod

297 2388 522 2439 acceptum
554 2385 689 2427 lenire
721 2386 867 2428 fauces
894 2386 1089 2428 dolentes

297 2459 398 2497 auto
449 2457 617 2511 pletum
674 2457 874 2500 sordibus
931 2460 1091 2499 stoma-

297 2542 394 2569 cum
427 2528 572 2569 soluit.

236 2599 369 2640 Mitra
400 2598 580 2653 pallium
612 2599 791 2656 frigium
823 2600 892 2642 uel
923 2615 1000 2656 per
1027 2615 1090 2642 sa-

298 2685 419 2712 crum
452 2673 707 2713 autornatus
735 2672 892 2726 capitis
917 2671 1090 2714 incesti-

683 126 915 162 PLACIDVS
941 125 1195 161 LIBRORVM
1220 125 1539 161 ROMANORVM

1186 251 1325 292 n‘aque
1354 236 1502 278 sordes
1531 236 1668 278 creuit
1695 236 1806 278 unde
1833 236 1983 279 matici

1187 308 1268 348 arii
1291 307 1494 349 dicuntur
1517 307 1591 362 qui
1613 307 1764 349 eadem
1790 310 1983 349 tractant

1187 382 1263 420 aut
1294 379 1499 420 uendunt.

1128 450 1280 506 Margo
1300 466 1401 506 pars
1430 450 1664 493 cuiuslibet
1689 451 1775 493 loci
1801 453 1850 492 ut
1875 453 1983 506 puta

1187 523 1319 564 maris
1366 525 1409 564 et
1453 526 1520 564 est
1565 523 1736 579 generis
1785 523 1981 565 comunis

1187 597 1236 635 ut
1268 594 1338 635 hic
1370 597 1414 636 et
1445 594 1551 636 haec
1585 608 1749 649 margo.

1128 664 1346 708 Mulcator
1379 666 1573 721 corporis
1608 666 1681 721 qui
1709 681 1892 721 corpora
1923 665 1982 707 af-

1186 737 1280 778 ficit
1310 737 1381 779 uel
1414 737 1590 779 cruciat.

1128 807 1286 850 Molari
1319 809 1477 864 exiguo
1517 824 1620 851 saxo
1653 810 1722 852 uel
1755 809 1879 852 breui
1911 809 1981 851 uel

1187 880 1368 923 modico.

1127 951 1331 994 Morbum
1357 952 1526 1008 regium
1554 967 1690 1008 genus
1713 953 1826 1009 quod
1847 953 1982 995 moris

1189 1024 1251 1066 sic
1281 1024 1552 1079 nuncupanti
1585 1025 1659 1079 qui
1687 1027 1811 1066 tanto
1837 1024 1983 1079 patior

1189 1099 1256 1138 est
1283 1099 1446 1151 quanto
1474 1096 1664 1138 deterior
1691 1096 1874 1138 caeteris
1896 1111 1984 1138 om-

1186 1168 1330 1211 nibus.

1126 1238 1409 1282 Meritissime
1441 1240 1707 1296 dignissime.

1126 1311 1382 1354 Medullitus
1415 1311 1618 1367 capitque
1656 1311 1709 1353 ad
1740 1312 1984 1367 penetralia

1186 1384 1376 1426 medulla
1408 1383 1586 1425 detenti.

1126 1454 1277 1497 Munia
1309 1455 1476 1497 tributa
1509 1470 1686 1497 munera
1724 1455 1795 1497 uel
1828 1454 1983 1498 officia.

1127 1527 1263 1570 Moris
1309 1527 1468 1582 quippe
1512 1526 1646 1569 habet
1696 1541 1863 1569 morem
1911 1527 1982 1569 uel

1189 1598 1546 1641 consuetudinem
1579 1598 1649 1640 uel
1681 1613 1821 1640 usum.

1127 1670 1412 1713 Meticulosus
1446 1671 1713 1712 metuendus,

1126 1742 1351 1798 Municeps
1385 1742 1615 1784 curialium
1640 1742 1827 1784 maiores
1853 1757 1905 1784 ex
1931 1757 1981 1785 eo

1188 1814 1302 1870 quod
1329 1828 1508 1856 munera
1532 1813 1627 1856 fisci
1648 1814 1982 1870 demancipiant.

1126 1885 1345 1928 Mordicus
1383 1889 1535 1927 tenens
1572 1900 1721 1927 morsu
1759 1885 1883 1940 quasi
1923 1888 1984 1927 te-

1186 1973 1306 2000 nens.

1127 2029 1349 2072 Mutillare
1383 2031 1449 2070 est
1482 2028 1647 2084 aliquid
1683 2029 1798 2082 quod
1831 2028 1890 2070 sit
1921 2029 1983 2071 in-

1188 2104 1363 2156 tegrum
1408 2100 1664 2142 detruncare
1708 2102 1758 2141 ut
1803 2099 1840 2141 si
1885 2100 1982 2155 quis

1187 2172 1354 2214 homini
1394 2186 1569 2213 manum
1608 2173 1806 2226 amputet
1837 2171 1983 2213 mutil-

1188 2243 1298 2285 labit
1344 2258 1441 2285 eum
1485 2245 1561 2284 aut
1604 2242 1774 2284 arboris
1811 2245 1982 2297 partem

1188 2315 1379 2369 aliquam
1409 2315 1479 2357 uel
1513 2314 1710 2357 aedificii.

1128 2385 1336 2428 Menenca
1391 2386 1437 2427 in
1494 2386 1669 2428 cerebro
1728 2386 1982 2428 membrana

1188 2458 1399 2512 quaedam
1445 2457 1516 2499 uel
1559 2472 1660 2512 pars
1700 2456 1865 2499 cerebri
1915 2459 1982 2499 est

1188 2531 1333 2570 autem
1365 2543 1580 2585 graecum.

1128 2599 1394 2656 Magnopere
1433 2603 1500 2642 est
1539 2600 1591 2641 ad
1631 2614 1839 2656 magnum
1872 2615 1980 2655 opus

1188 2686 1279 2713 esse
1313 2685 1574 2726 quemquam
1605 2671 1910 2713 necessarium.

334 2815 364 2846 1.
391 2810 555 2846 hostium
582 2823 626 2847 ex
651 2823 741 2847 corr.
769 2813 788 2847 b
812 2814 816 2857 Ι
839 2811 993 2847 indubie
1019 2825 1042 2847 a
1061 2815 1072 2857 ΙΙ
1104 2816 1135 2846 2.
1162 2811 1359 2846 munificus
1386 2813 1443 2855 (us
1464 2822 1535 2856 pro
1562 2812 1616 2857 os)
1642 2824 1666 2847 α
1687 2814 1692 2855 Ι
1714 2811 1898 2856 perrestet
1923 2823 1947 2846 a
1970 2811 1982 2857 {l

239 2873 269 2904 .3.
297 2869 366 2904 hoc
393 2871 470 2906 est.
489 2881 626 2916 ..puer
651 2882 716 2906 om.
737 2882 756 2906 c
778 2875 782 2913 1
805 2871 926 2917 magis
953 2873 972 2907 b
992 2873 1003 2916 ΙΙ
1024 2875 1054 2906 5.
1081 2870 1240 2906 murices
1267 2883 1300 2906 a.
1333 2870 1491 2905 murices
1512 2883 1583 2916 pro
1609 2870 1762 2906 muricis
1787 2871 1807 2906 b
1829 2871 1836 2912 Ι
1856 2870 1980 2916 leone]

239 2928 261 2963 f.
290 2928 329 2962 111
355 2929 480 2964 littore
508 2942 534 2965 S.
562 2932 603 2965 in
627 2942 740 2976 marg.
769 2931 806 2966 b2
843 2932 854 2974 ΙΙ
893 2935 923 2966 6.
950 2930 1070 2965 Mixta
1095 2935 1178 2966 (mie
1204 2943 1293 2966 corr.
1321 2931 1399 2966 ab¹.
1444 2929 1468 2964 f.
1496 2931 1622 2974 Mysta
1647 2942 1674 2966 s.
1702 2932 1743 2965 in
1767 2942 1881 2976 mary.
1908 2930 1945 2965 b²
1974 2931 1978 2976 Ι

239 2988 397 3022 muse-eri
423 3002 455 3023 a.
494 2989 644 3033 mystici
676 2991 806 3024 auctor
838 2990 898 3024 uel
930 2991 1088 3024 curator.
1117 2991 1393 3035 sum=mysta
1419 3001 1446 3025 s,
1473 2990 1514 3024 in
1540 3002 1652 3036 mara.
1680 2990 1719 3025 b²
1751 2994 1757 3035 Ι
1791 2989 1911 3023 mulso
1937 3000 1982 3024 ex

239 3047 357 3082 multo
383 3059 473 3083 corr.
501 3050 538 3083 b2
561 3053 565 3093 Ι
589 3049 822 3084 stomachum
848 3062 871 3084 α
898 3052 910 3092 ΙΙ
943 3054 973 3085 7.
999 3050 1087 3085 Post
1113 3049 1247 3094 capitis
1274 3050 1340 3085 del.
1366 3049 1448 3083 ince
1474 3062 1508 3093 α,
1535 3051 1671 3085 lacuna
1695 3053 1746 3085 est
1770 3050 1812 3084 in
1835 3059 1854 3083 c
1880 3050 1886 3092 Ι
1915 3058 1981 3082 aru

240 3108 286 3142 bc
314 3109 325 3152 Η
357 3110 387 3141 8.
416 3107 619 3142 communis
646 3110 665 3144 b
697 3111 708 3153 ΙΙ
741 3113 794 3144 19.
822 3108 1015 3143 mutilabit
1040 3109 1085 3144 bc
1110 3111 1121 3153 Η
1153 3113 1207 3144 20.
1235 3109 1440 3144 menbrana
1466 3121 1488 3144 α
1513 3111 1524 3154 ΙΙ

2005 832 2037 855 10

2003 1547 2037 1574 15

2001 2405 2036 2430 20
