2216 3402
912 119 1188 156 PRAEFATIO
1813 122 1935 156 XXIX

202 226 309 268 mihi
353 228 531 283 reliquit
571 227 801 271 LOEWIVS.
834 253 889 257 -—
923 227 1067 270 Codex
1106 229 1386 270 Vaticanus
1431 219 1538 270 1471
1588 229 1943 271 membranaceus

197 299 357 341 saeculi
393 300 497 341 noni
535 302 708 354 praeter
746 299 831 340 alia
869 298 1024 353 multa,
1057 300 1107 340 de
1141 300 1297 353 quibus
1338 313 1440 341 mox
1472 302 1638 355 agetur,
1677 300 1808 341 tertio
1847 301 1942 342 loco

196 370 365 425 glossas
398 370 453 412 eA
467 369 522 412 A'
556 371 750 413 continet
781 370 863 411 hac
895 370 1195 424 inscriptione:
1236 370 1945 413 ‘INCIP-LIBAETHYMOLo-

195 439 428 483 GIARVM
467 442 580 484 idest
612 442 663 483 de
700 441 967 496 proprietate
1002 442 1070 483 ser
1102 442 1173 483 uel
1213 442 1337 497 glosa
1377 442 1529 484 hocest
1559 441 1858 490 herminefiata
1890 443 1942 484 ab

193 527 217 553 a
249 527 387 567 usque
420 513 466 554 in
498 512 553 554 z'.
615 513 682 554 Ex
713 513 796 554 hoc
828 513 941 555 libro
975 507 1388 567 excerpta'reliquit
1420 513 1652 567 LOEWIVS,
1686 513 1771 554 alia
1803 514 1941 554 multa

194 585 388 626 enotavit
421 583 822 626 GVNDERMANNVS.
856 610 911 614 —
943 584 1025 626 His
1058 585 1200 627 tribus
1234 584 1358 625 libris
1392 585 1558 627 accedit
1591 585 1722 627 codex
1752 584 1943 626 Vindo-

192 655 442 697 bonensis
492 656 609 697 2404
660 653 867 711 (CDXIX
917 655 1240 698 ENDLICHERI:
1286 655 1336 697 cf.
1374 656 1461 697 tab.
1503 655 1687 697 Vindob.
1728 655 1770 697 ΙΙ
1807 672 1847 711 p.
1875 657 1943 711 68,

192 726 412 769 LOEWIVS
440 726 589 768 Prodr.
614 742 651 780 p.
675 724 780 782 138)
813 727 865 768 ad
897 727 1068 768 litteras
1095 727 1135 768 A
1162 730 1204 768 et
1231 727 1267 768 B
1302 729 1523 781 spectans3
1556 727 1735 769 ultimae
1768 728 1940 783 glossae

192 800 315 839 sunt:
358 798 527 840 bacones
570 798 686 839 stulti
728 799 890 849 rustici,
935 798 1143 840 bustuarii
1185 799 1256 852 qut
1299 812 1470 852 corpora
1518 798 1703 840 humana
1745 803 1939 851 cremant,

192 869 292 911 bubo
332 883 479 912 nomen
520 869 615 911 auis
653 872 827 911 nocturn
837 883 873 926 ³e,
914 870 1065 924 bmyus
1105 873 1258 925 castra,
1297 860 1499 911 ballantes
1537 870 1669 911 bullas
1710 871 1942 913 emittentes.

153 954 156 957 “
190 939 389 982 Priorem
433 943 604 995 partem
649 939 756 981 mihi
802 941 1080 996 transcripsit
1124 937 1342 983 CAROL‘VS
1386 940 1735 996 KRWBACHER,
1779 942 1944 996 reliqua

190 1011 448 1054 ARTHVRVS
478 1011 764 1053 GOLDMANN:
796 1012 917 1054 nolui
950 1015 1096 1054 tamen
1122 1012 1223 1054 huic
1256 1012 1367 1054 libro
1395 1013 1522 1054 modo
1557 1015 1782 1054 contracto
1814 1009 1941 1055 mo(lo

193 1087 322 1125 aucto
356 1083 587 1138 quicquam
622 1083 885 1137 depromere.
940 1082 1144 1125 Ceterum
1178 1098 1227 1125 ex
1260 1083 1328 1125 his
1362 1083 1485 1124 libris
1519 1084 1658 1139 magis
1692 1077 1942 1139 conspirant

190 1154 524 1197 Cassinensis
552 1157 595 1196 et
621 1154 902 1197 Vaticanus
932 1156 1048 1197 3320
1079 1155 1288 1209 valdeque
1316 1157 1523 1209 superant
1549 1155 1794 1210 glossarum
1819 1156 1942 1197 uber-

190 1228 281 1268 tate
324 1226 514 1268 codicem
560 1226 864 1268 Vaticanum
899 1228 1010 1268 1471
1053 1226 1276 1268 ordinibus
1323 1226 1716 1268 additamentorum
1762 1242 1813 1268 ex
1857 1227 1942 1268 alio

191 1297 312 1340 fonte
345 1298 536 1339 adiectis.
587 1297 751 1339 Verum
783 1313 836 1339 ne
870 1313 943 1339 eae
977 1297 1151 1353 quidem
1183 1297 1355 1353 glossae
1390 1312 1496 1352 quas
1530 1298 1662 1339 codex
1698 1299 1807 1340 1471
1845 1313 1941 1340 con-

190 1369 302 1410 tinet
340 1369 530 1411 eiusdem
573 1383 720 1411 omnes
761 1372 862 1411 sunt
904 1369 1105 1424 originis,
1139 1369 1211 1410 sed
1251 1369 1517 1423 compositae
1561 1384 1612 1410 ex
1653 1370 1784 1411 variis
1827 1370 1940 1425 glos-

191 1439 330 1481 sariis.
395 1440 514 1489 Quae
560 1454 658 1482 cum
701 1440 765 1481 ita
810 1440 915 1495 sint,
954 1441 1004 1481 de
1048 1440 1256 1494 primaria
1300 1440 1441 1482 forma
1483 1440 1688 1496 glossarii
1727 1440 1780 1482 ‘A
1801 1440 1857 1482 A’
1897 1444 1941 1482 et

190 1511 505 1566 compositione
539 1526 743 1565 quaerere
778 1511 904 1566 desii,
938 1511 1130 1566 excerpsi
1164 1526 1272 1566 quae
1308 1512 1583 1566 quaestiones
1617 1512 1942 1568 glossographi-

189 1598 260 1625 cas
293 1583 515 1624 illustrare
549 1597 675 1637 posse
710 1583 803 1625 visa
834 1586 947 1637 sunt,
980 1583 1172 1624 trivialia
1204 1583 1353 1625 abieci.
1406 1582 1610 1625 Ordinem
1643 1586 1815 1625 secutus
1843 1599 1939 1625 sum

189 1655 348 1701 codicis
394 1654 726 1697 Cassinensis
773 1655 826 1696 ad
870 1654 1094 1709 alphabeti
1138 1654 1310 1696 litteras
1353 1655 1749 1697 accommodatum:
1789 1670 1813 1696 a
1853 1670 1937 1710 quo

189 1726 337 1768 ordine
368 1741 575 1781 persaepe
609 1726 851 1781 discrepare
884 1725 1192 1768 Vaticanum
1223 1727 1349 1781 1471,
1382 1725 1602 1768 rarissime
1635 1726 1938 1768 Vaticanum

190 1798 308 1840 3320
339 1798 423 1839 hoc
455 1798 551 1839 loco
585 1812 948 1839 commemorasse
983 1797 1181 1839 sufficiet.

305 1869 399 1911 Iam
427 1871 630 1911 secuntur
657 1872 900 1924 excerpta
926 1884 976 1911 ex
1005 1870 1149 1911 codice
1170 1868 1423 1911 Vaticano
1448 1870 1560 1911 1468
1589 1869 1750 1911 saeculi
1771 1869 1937 1923 decimi,

188 1941 238 1982 de
273 1955 356 1995 quo
389 1941 496 1983 haec
527 1941 848 1996 praemittenda
880 1941 973 1982 visa
1005 1943 1117 1982 sunt.
1181 1938 1326 1982 Codex
1358 1940 1474 1982 foliis
1505 1941 1562 1982 94
1595 1941 1935 1982 membranaceis

187 2027 340 2054 unum
367 2012 630 2068 glossarium
651 2012 846 2054 continet
872 2013 953 2054 hac
979 2012 1283 2067 inscriptione:
1320 2012 1446 2054 Greee
1466 2013 1603 2066 ylossa
1631 2013 1757 2054 latine
1783 2013 1936 2066 linqua.

189 2084 269 2136 Qui
291 2084 409 2126 habet
432 2085 614 2126 studium
640 2085 821 2126 discendi
840 2084 1026 2126 Dabitur
1045 2085 1082 2126 et
1105 2085 1284 2136 facultas
1312 2084 1583 2138 intelleyei=2clt3
1609 2084 1766 2125 ultima
1791 2084 1938 2140 glossa

162 2158 252 2212 vest
280 2145 484 2210 Ziphems
509 2159 568 2197 est
599 2156 868 2198 occidentalis.
919 2155 1039 2197 Inter
1071 2155 1269 2211 singulos
1297 2155 1468 2197 ordines
1496 2170 1604 2210 quae
1633 2144 1773 2209 spatia
1800 2170 1936 2197 vacua

187 2227 340 2269 relicta
373 2229 507 2282 erant,
541 2242 590 2269 ea
622 2227 782 2284 glossis
815 2226 1089 2282 repleverunt
1122 2227 1230 2268 duae
1262 2242 1428 2281 manus,
1463 2241 1646 2281 quarum
1678 2227 1815 2268 altera
1847 2227 1936 2268 fere

191 2313 349 2340 coaeva
382 2302 449 2340 est
483 2314 579 2341 cum
612 2314 662 2340 ea
695 2314 806 2353 quae
840 2299 1031 2340 codicem
1064 2298 1240 2353 scripsit
1281 2296 1429 2354 (quam
1462 2313 1637 2339 manum
1670 2298 1715 2339 in
1748 2298 1936 2339 editione

188 2370 362 2412 stellula
401 2371 582 2425 notavi).
645 2370 826 2413 Accedit
858 2385 1012 2411 manus
1046 2370 1200 2424 altera,
1241 2369 1401 2411 saeculi
1435 2372 1483 2410 ut
1515 2357 1686 2411 videtur
1718 2369 1838 2410 tertii
1870 2370 1937 2411 de-

190 2441 312 2496 cimi,
353 2457 462 2496 quae
507 2442 680 2483 litterae
720 2443 757 2482 A
790 2441 1000 2496 plurimas
1046 2442 1215 2497 glossas
1259 2440 1444 2482 inseruit
1483 2456 1507 2482 a
1545 2456 1613 2482 me
1658 2441 1703 2481 in
1748 2441 1936 2482 editione

185 2513 464 2568 praeteritas,
502 2528 553 2555 ex
592 2513 747 2567 quibus
789 2513 1020 2554 nonnullas
1051 2513 1134 2554 hoc
1171 2513 1267 2554 loco
1305 2512 1499 2567 profero:
1544 2512 1816 2566 Abiuyassere
1856 2513 1936 2554 dis-

185 2585 351 2638 iungere
381 2585 611 2635 dissolvere,
643 2584 945 2638 Abinyrueutes
976 2585 1303 2638 abimmiueutes,
1336 2585 1620 2626 Adamantius
1651 2587 1688 2625 et
1715 2585 1936 2638 yoryonias

184 2655 389 2708 maleficia
421 2656 594 2709 quedam
619 2668 696 2708 per
721 2669 824 2708 quae
848 2656 990 2698 d‘z'czmt
1014 2656 1180 2697 maritis
1204 2669 1386 2697 amorem
1412 2656 1676 2709 timoremque
1707 2656 1935 2707 immittere,

183 2726 372 2768 Aditazis
401 2727 474 2780 qui
503 2727 608 2778 adit,
641 2727 877 2768 Adlositum
908 2728 1101 2783 adlismn,
1133 2727 1348 2769 Allubesco
1379 2728 1533 2768 artuino
1565 2730 1588 2765 t
1612 2727 1771 2782 placeo,
1803 2728 1934 2769 Aneie

169 2798 330 2850 ⁸capilli
372 2798 580 2852 ammissa
624 2798 841 2840 Anacreon
879 2813 959 2852 pro
1009 2802 1103 2840 aute
1148 2799 1320 2852 aposint.
1383 2797 1586 2840 Ceterum
1641 2812 1932 2840 commemoro

185 2868 362 2909 lacunas
395 2883 488 2910 esse
520 2883 608 2910 non
638 2883 797 2923 paucas
830 2869 876 2910 in
907 2869 1146 2925 glossario3
1184 2869 1382 2924 pergitur
1415 2869 1530 2910 enim
1563 2883 1587 2909 a
1612 2869 1724 2910 Imm
1750 2870 1803 2910 ad
1830 2870 1933 2925 Nas,

188 2954 213 2980 a
243 2939 334 2992 Nep
360 2940 411 2980 ad
434 2940 547 2995 N2133
580 2955 605 2981 a
624 2940 703 2982 Ret
727 2941 780 2982 ad
802 2940 896 2983 sab.
949 2940 1032 2983 sed
1066 2941 1199 2983 etiam
1232 2941 1293 2982 sic
1320 2939 1510 2980 ambitus
1543 2939 1747 2995 glossarii
1779 2940 1932 2996 ingens

186 3012 270 3051 est:
305 3012 407 3051 sunt
440 3010 555 3051 enim
583 3011 755 3053 circiter
785 3013 929 3054 11300
961 3012 1143 3068 glossae.
1195 3011 1348 3052 Multis
1380 3010 1603 3052 vocabulis
1635 3012 1933 3055 accentusad-

184 3072 292 3123 iecit*
305 3081 510 3123 librarius
532 3096 583 3124 ex
603 3085 727 3137 parte
748 3082 1004 3125 tenuissimo
1026 3084 1178 3125 ductu:
1200 3097 1308 3137 quos
1329 3082 1375 3123 in
1389 3082 1577 3124 editione
1597 3082 1779 3138 neglexi.
1813 3082 1932 3124 Haec
