2216 3402
139 2407 171 2431 10

709 130 942 166 PLACIDVS
969 130 1096 165 LIBRI
1124 130 1413 167 GLOSSARVM

243 239 381 295 patris
427 240 635 296 appellati
681 244 782 282 sunt
828 255 876 282 eo
929 241 1043 295 quod

244 311 357 353 sicut
382 312 520 367 patris
548 312 650 354 filiis
675 312 738 354 ita
763 312 1043 367 prouiderent

245 383 306 424 rei
345 384 516 438 publice
550 384 752 426 dicuntur
785 384 959 438 quidem
999 387 1042 426 et

245 458 488 496 ceterarum
539 454 767 497 ciuitatum
819 458 1041 496 senatores

245 527 361 581 curie
393 527 611 582 principes
643 527 716 568 sed
748 526 901 568 hocin
934 527 1041 568 anti-

245 598 341 653 quis
368 614 468 640 nam
496 598 623 639 modo
650 600 824 639 senator
844 597 929 640 dici
954 613 1042 640 11011

244 673 392 725 potest
424 669 509 711 nisi
536 669 610 724 qui
642 669 686 710 in
714 669 833 711 curia
863 684 1043 711 romana

245 741 377 783 fuerit
402 756 505 783 nam
536 741 667 796 primi
694 741 866 783 ordines
899 741 1043 783 dicun-

245 815 318 854 tur
368 813 575 854 inlustres
628 813 804 854 secundi
849 816 1044 868 expecta-

244 884 346 926 bilis
398 884 522 926 tercii
568 884 798 926 clarissimi
845 884 932 926 iam
982 884 1043 926 in-

245 956 380 998 ferius
427 959 638 1011 quantum
683 956 858 1011 aliquod
907 971 1043 1012 genus

244 1043 330 1070 non
364 1031 432 1070 est
458 1026 600 1085 (Isia.)

187 1100 366 1156 Separia
397 1115 476 1155 pro
511 1103 711 1156 separata
745 1103 820 1142 aut
859 1100 1045 1142 discreta

245 1171 313 1229 (de
336 1170 411 1229 91.)

187 1242 353 1286 Sillaba
384 1244 631 1286 litterarum
665 1243 947 1300 congregatio

187 1316 400 1358 8111661313
442 1331 539 1358 cum
573 1319 616 1357 et
657 1330 736 1370 pro
769 1331 855 1357 uno
896 1330 1044 1357 01111163

246 1391 289 1430 61
351 1403 428 1443 pro
490 1388 640 1430 multis
697 1402 807 1429 unus
866 1387 1045 1442 apellari

247 1460 358 1501 solet

189 1531 446 1587 Symbolum
479 1532 654 1589 signum
688 1532 780 1574 3166
814 1531 918 1573 fides
953 1531 1044 1572 siue

247 1603 456 1659 peccunia
489 1606 757 1660 congregata
790 1618 919 1658 quem
952 1603 1045 1645 uio-

247 1676 336 1717 lare
369 1675 490 1718 nefas
524 1678 591 1717 est

190 1747 419 1803 Sinalipha
445 1747 520 1789 ubi
544 1748 651 1789 duae
680 1747 833 1801 31116116
862 1747 1046 1789 conflan-

248 1822 320 1861 tur
350 1819 397 1861 in
430 1835 563 1861 unum

190 1890 373 1946 Sincope
406 1891 618 1933 detractio

190 1961 440 2005 Sindesmos
475 1963 722 2005 coniunctio

191 2034 324 2078 Sindo
358 2034 551 2077 sindonis
585 2034 755 2090 generis
790 2035 1019 2076 masculini

191 2106 410 2162 Synecche
456 2105 615 2148 dicitur
665 2106 806 2162 figura
852 2122 877 2148 a
923 2109 1045 2161 parte

249 2182 392 2221 totum
424 2192 584 2234 ponere
622 2180 672 2219 ut
710 2178 911 2234 uir-gilius
944 2193 1048 2233 pup-

249 2265 409 2306 pesque
454 2253 554 2292 tuae
600 2251 823 2305 pubesque
873 2253 1048 2292 tuorum

250 2337 328 2377 pro
360 2322 546 2364 nauibus
579 2324 623 2364 et
654 2322 910 2363 iuuentutae

193 2394 469 2450 Synecdoche
504 2395 777 2449 conceptium
810 2394 1000 2450 receptio

314 2548 347 2593 1)
379 2547 393 2582 i
418 2549 460 2583 in
485 2559 576 2583 corr.
605 2550 616 2592 ΙΙ

1879 134 1933 175 99

1083 239 1320 294 Synonima
1331 240 1364 298 1)
1396 242 1708 297 plurinomium

1083 311 1356 355 Sintonomia
1388 313 1576 356 concisio

1082 382 1230 438 Syrtes
1277 385 1483 427 offosinos
1529 385 1660 428 africe
1707 387 1780 441 qui
1822 402 1934 428 1111116

1140 456 1348 497 accedunt
1404 472 1517 498 nunc
1573 457 1778 499 recedunt
1831 456 1936 499 dicti

1140 527 1279 583 figura
1300 542 1429 583 greca
1451 528 1564 583 quod
1585 529 1755 570 trahere
1778 529 1938 570 dicitur

1082 597 1294 640 Sistentes
1321 600 1390 640 661
1410 599 1691 654 prohibentes
1719 600 1937 656 siguificat

1140 670 1183 711 id
1222 673 1288 712 est
1327 671 1399 726 qui
1445 672 1635 727 aliquam
1680 675 1848 727 partem
1893 673 1937 714 in

1142 742 1237 784 1060
1272 745 1387 783 stare
1420 742 1525 784 fecit
1567 746 1616 785 ut
1649 744 1851 800 uirgilius
1886 744 1939 785 si-

1142 816 1255 855 stere
1289 827 1447 868 aquam
1480 815 1672 856 fluminis
1705 818 1853 870 potest
1886 816 1939 856 si-

1142 883 1348 941 gnificare
1382 900 1460 940 pro
1489 886 1777 929 consistentes
1804 887 1847 928 id
1874 889 1940 928 est

1141 957 1391 998 habitantes
1424 957 1494 999 1161
1528 960 1694 999 stantes
1727 961 1776 999 ut
1808 958 1940 1014 uirgi-

1142 1029 1226 1070 lius
1255 1029 1458 1071 consistit
1484 1029 1693 1086 indigitos
1722 1030 1940 1086 significat

1142 1101 1345 1142 resistere
1367 1115 1608 1157 repugnare
1626 1102 1827 1158 uirgilius
1844 1117 1940 1144 6011-

1143 1175 1212 1213 tra
1244 1173 1289 1213 in
1320 1172 1470 1215 littore
1505 1173 1624 1215 sistit

1085 1243 1211 1286 Solus
1246 1244 1380 1286 solius
1408 1245 1490 1286 soli
1518 1245 1659 1286 solum
1688 1246 1806 1287 solus
1834 1246 1939 1288 facit

1142 1332 1219 1371 per
1252 1331 1400 1358 omnes
1434 1331 1558 1359 casus

1085 1387 1469 1444 Somptophanech
1497 1389 1611 1444 quod
1639 1392 1765 1431 sonat
1791 1390 1942 1446 lingua

1144 1461 1374 1517 egyptiaca
1407 1461 1601 1502 saluator
1635 1461 1782 1503 mundi

1085 1531 1468 1587 Somptophanech
1512 1532 1660 1588 lingua
1712 1534 1942 1589 egyptiaca

1143 1604 1296 1659 ioseph
1347 1619 1372 1645 a
1422 1604 1640 1659 pharaone
1699 1606 1942 1660 appellatur

1144 1675 1258 1731 quod
1270 1675 1404 1717 latine
1418 1675 1577 1718 dicitur
1589 1676 1782 1719 saluator
1794 1678 1941 1719 muudi

1087 1746 1275 1789 Soritica
1313 1763 1382 1789 ars
1422 1750 1488 1789 est
1526 1749 1595 1789 661
1636 1753 1942 1805 argumentum

1144 1819 1505 1875 philosophorum

1086 1890 1217 1933 Soros
1251 1905 1375 1947 grece
1403 1906 1605 1934 aceruum
1633 1893 1793 1935 dicitur
1820 1893 1942 1934 aiunt

1145 1963 1260 2005 enim
1294 1978 1478 2020 granum
1508 1979 1643 2006 unum
1669 1967 1712 2006 et
1739 1965 1873 2006 alium
1901 1968 1944 2006 et

1145 2036 1325 2077 tertium
1358 2050 1510 2091 capere
1549 2039 1696 2091 potest
1735 2037 1797 2078 sic
1839 2050 1944 2092 ergo

1146 2107 1197 2148 ad
1230 2107 1403 2149 finitum
1435 2108 1575 2149 tendit

1088 2178 1270 2233 Sparsas
1304 2194 1407 2221 oues
1442 2180 1567 2235 quasi
1599 2180 1743 2222 uarias

1089 2249 1256 2305 Sphera
1294 2254 1361 2293 631
1400 2252 1549 2293 mundi
1588 2253 1833 2294 rotunditas
1873 2268 1947 2294 uo-

1148 2322 1296 2365 lubilis
1336 2326 1379 2366 et
1412 2324 1619 2379 quidquid
1662 2324 1747 2366 tale
1787 2327 1854 2366 est
1893 2324 1946 2366 ad

1148 2394 1473 2437 uolubilitatem
1486 2396 1635 2438 dicunt
1650 2397 1782 2438 etiam
1798 2412 1946 2452 speras

192 2693 318 2737 patres
355 2691 358 2738 Ι
392 2693 518 2736 patres
553 2692 557 2738 Ι
593 2692 784 2726 senatores
811 2702 854 2726 ex
881 2692 1069 2726 senetores
1095 2702 1186 2727 corr.
1223 2692 1228 2739 Ι
1263 2693 1517 2738 expectabiles
1553 2694 1557 2740 Ι
1593 2695 1769 2738 quartum
1804 2706 1848 2729 em
1873 2705 1948 2738 qua

194 2751 333 2786 circum
358 2762 450 2787 corr.
484 2753 495 2796 ΙΙ
532 2755 562 2787 1.
589 2752 685 2787 hanc
709 2752 756 2797 91.
785 2761 850 2786 om.
884 2751 896 2794 ΙΙ
934 2753 965 2786 3.
994 2750 1203 2796 Sillempsis
1229 2763 1273 2786 ea:
1300 2752 1484 2787 Sillemsis
1512 2764 1603 2789 corr.
1634 2755 1645 2798 ΙΙ
1678 2757 1710 2787 9.
1739 2753 1947 2789 Sinecdohc

193 2822 238 2846 ex
263 2810 420 2845 Sineche
445 2821 548 2846 corr.
573 2812 577 2858 Ι
612 2822 754 2857 ponens
781 2822 826 2845 ex
850 2821 987 2855 ponere
1013 2822 1105 2846 corr.
1141 2811 1145 2858 Ι
1173 2822 1365 2856 pupesque
1391 2814 1479 2847 tuae
1512 2815 1523 2857 ΙΙ
1556 2816 1610 2848 10.
1639 2813 1878 2858 Synecdoche
1904 2826 1949 2849 ex

195 2870 408 2915 Synecdoce
434 2881 523 2906 corr.
554 2872 565 2915 ΙΙ
598 2873 652 2906 11.
680 2870 875 2905 Sinonima
903 2872 915 2915 ΙΙ
947 2874 1001 2905 13.
1031 2869 1146 2905 Sirtes
1175 2870 1179 2916 Ι
1212 2870 1314 2905 3111113
1341 2883 1385 2906 esc
1411 2871 1577 2907 ofosinus
1604 2883 1693 2908 corr.
1724 2873 1728 2919 Ι
1761 2873 1912 2908 affricae
1938 2875 1949 2920 [Ι

197 2933 252 2966 14.
278 2929 378 2964 idest
402 2941 446 2965 ex
472 2929 572 2963 idem
597 2941 688 2965 corr.
722 2930 726 2977 Ι
760 2930 886 2974 potest
912 2929 1085 2976 signifine
1117 2930 1120 2976 Ι
1155 2929 1195 2964 id
1221 2931 1293 2977 est]
1320 2931 1421 2965 idem
1455 2932 1460 2978 Ι
1494 2931 1605 2966 111016
1641 2934 1653 2977 ΙΙ
1693 2936 1747 2968 16.
1776 2932 1949 2979 Sumpto-

195 2989 369 3035 phanech
405 2989 418 3034 ΙΙ
456 2992 510 3025 17.
538 2989 870 3035 Sumptophanech
901 2990 905 3036 Ι
941 2989 1100 3035 egypcia
1134 2989 1138 3036 Ι
1175 3001 1197 3023 a
1221 2990 1419 3035 paratione
1452 3003 1496 3027 m.
1514 2995 1544 3036 1,
1579 3002 1601 3025 a
1626 2991 1818 3036 pharaone
1849 3005 1894 3028 m.
1915 2996 1950 3036 4,

196 3053 238 3084 ut
263 3050 335 3085 vid.
369 3051 380 3094 ΙΙ
418 3052 473 3084 18.
498 3048 818 3094 phylosophorum
849 3050 860 3094 ΙΙ
901 3052 953 3084 19.
987 3048 1092 3083 aliud
1118 3060 1162 3084 ex
1188 3049 1305 3084 alium
1330 3062 1421 3086 corr.
1454 3052 1466 3096 ΙΙ
1503 3055 1559 3087 21.
1595 3051 1712 3097 Spera
1738 3064 1782 3087 em
1808 3052 1950 3097 Sphera

199 3120 288 3145 corr.
319 3108 323 3157 Ι
352 3107 565 3143 rotunditas
591 3120 634 3143 er
660 3108 873 3144 rutunditas
900 3121 990 3145 corr.
1022 3110 1025 3156 Ι
1050 3120 1176 3154 speras
1202 3122 1246 3146 ese
1272 3112 1425 3157 spheras
1452 3123 1542 3147 corr.
1567 3112 1571 3159 Ι

1615 3171 1663 3206 7*

1964 1258 1995 1283 15
