2175 3428
213 116 301 159 234
676 113 932 150 EXCERPTA
958 114 1023 149 EX
1047 113 1192 150 LIBRO
1219 113 1508 150 (1‘LoSSARVM

275 229 390 269 tores
407 241 432 268 a
445 225 673 282 pindendis
695 223 843 281 granis
864 223 1072 266 frumenti

209 352 211 354 q
273 297 441 353 persius
457 296 590 339 &iane
609 311 634 338 a
649 299 773 353 tergo
791 311 920 352 quem
936 297 1071 339 nulla-

276 370 396 412 cione
428 368 564 424 pinsit

215 440 370 484 Pistris
397 441 527 483 belua
545 439 678 483 maris
704 440 843 483 lucius
870 440 1070 496 pistrices

273 512 383 555 dixit
413 512 644 568 pluraliter

214 584 387 628 Pixides
419 599 525 627 uasa
556 584 726 628 modica
758 587 967 641 argentea
1001 585 1070 627 uel

272 657 418 713 lignea
443 657 490 699 in
515 656 767 699 simitudine
788 657 974 713 capselle
1001 657 1070 699 ue]

272 730 383 772 calix
415 729 485 771 uel
519 728 694 784 sciphus

212 802 342 844 Pixos
363 816 489 858 grece
511 801 731 856 quod'nos
759 816 810 844 ex
834 804 958 857 parte
980 817 1068 844 cor—

270 876 447 930 ruptum
467 874 630 916 buxum
649 889 856 917 uocamus
873 872 1068 931 (Galerii)

211 946 463 989 placentem
490 946 632 990 dulcia
653 962 703 989 eo
726 946 840 1002 quod
866 946 1069 1001 placeant

271 1019 413 1061 edenti

175 1102 190 1127 5
209 1090 455 1148 Plagiarius
502 1091 575 1146 qui
625 1091 780 1134 indicit
823 1103 980 1145 pueros
1026 1092 1069 1131 et

160 1750 192 1774 10

271 1163 481 1206 sollicitat
513 1178 662 1205 seruos
696 1162 860 1205 alienos

213 1235 457 1292 Plagiarius
491 1234 809 1290 mancipiorum
841 1234 911 1276 uel
944 1249 1067 1290 peco-

271 1308 373 1350 dum
405 1307 648 1350 alienorum
681 1307 916 1349 distractor

210 1379 456 1437 Plagiarius
504 1379 748 1435 abigeiator
793 1378 867 1433 qui
909 1378 1068 1420 manci-

270 1452 391 1507 pium
430 1454 506 1493 aut
544 1465 675 1506 pecus
715 1450 905 1493 alienum
947 1450 1068 1493 sedu-

273 1523 405 1566 cendo
439 1522 614 1565 distrait

211 1596 430 1638 Plaudunt
443 1594 625 1650 pedibus
641 1594 897 1650 percuciimt
910 1594 1068 1636 fidibus

209 1666 448 1710 Plausibile
482 1670 526 1709 et
557 1666 790 1722 plausibile
823 1681 958 1708 unum
990 1668 1057 1708 est

213 1739 428 1782 Plaustrit
460 1739 574 1795 quod
606 1754 628 1781 e
660 1739 858 1795 plaustro
892 1741 1020 1781 sonat

212 1812 462 1854 Plaustrum
494 1810 744 1854 uehiculum
777 1813 853 1852 aut
885 1825 1057 1853 carrum

212 1883 513 1926 Plautinarum
560 1882 725 1939 plaucti
771 1882 961 1926 auctoris
1007 1897 1068 1924 re-

272 1958 419 2012 gestas
455 1953 613 2013 (γένῃ.)

213 2027 470 2070 Plebiscitat
501 2027 673 2083 plebem
706 2027 933 2082 alliquitur

212 2099 433 2142 Plectrum
454 2099 795 2155 gubernaculum
815 2098 904 2140 siue
919 2098 1071 2154 lingua

272 2171 317 2212 in
368 2185 548 2226 corpore
600 2171 691 2212 siue
747 2169 1069 2225 percussorium

272 2242 449 2298 cythare

177 2322 192 2347 5
213 2314 439 2357 Plosculus
472 2315 570 2370 plus
605 2329 735 2370 quam
769 2314 894 2356 obtat

212 2386 357 2429 Pluris
402 2389 446 2428 et
488 2386 634 2442 plures
680 2385 743 2427 ita
785 2384 1071 2441 distinguitur

272 2458 410 2514 pluris
440 2461 507 2500 est
534 2458 649 2513 quod
681 2457 868 2500 maiores
901 2471 1071 2499 summa

311 2614 346 2655 1)
378 2622 425 2647 no
452 2612 536 2647 add.
563 2613 648 2646 m.2
679 2612 690 2655 ΙΙ
724 2612 759 2655 2)
793 2621 816 2645 a
841 2610 925 2646 add.
953 2612 1039 2646 m.2
1070 2612 1082 2654 ΙΙ

1146 226 1349 273 ‘taxatur
1380 224 1527 279 plures
1559 238 1663 266 uero
1691 224 1741 266 de
1774 223 1969 266 multitu-

1171 295 1268 337 dine
1302 295 1533 338 scribimus

1109 366 1360 410 Plusculam
1392 360 1608 410 uindemie
1640 367 1877 423 pluriorem

1109 439 1364 483 Plusculum
1395 439 1493 495 plus
1527 455 1659 495 quam
1691 441 1867 495 oportet

1109 511 1496 555 Poenicentaurius
1517 511 1610 553 auis
1628 525 1710 567 que
1727 510 1851 567 quasi
1869 527 1968 577 pur-

1168 598 1323 640 poreas
1355 583 1510 640 pinnas
1541 583 1677 626 habet

1110 656 1266 699 Poeria
1296 658 1428 712 poeta
1460 655 1650 698 foemina
1985 666 2020 693 20

1109 728 1310 771 Polemos
1336 728 1499 770 bellum
1524 742 1673 785 pugna
1699 742 1826 784 grece
1851 728 1967 784 pole-

1167 801 1324 843 mitum
1351 814 1455 856 ergo
1478 800 1601 856 quasi
1627 814 1797 856 pugnas
1824 802 1965 842 textas

1107 873 1345 916 Pollicibus
1378 871 1619 914 manubriis
1646 872 1690 914 id
1716 875 1784 914 est
1811 887 1964 914 manus

1107 944 1349 1000 Polipticus
1381 945 1493 987 liber
1524 943 1618 986 uita
1649 944 1816 986 urbana

1108 1017 1340 1059 Polumum
1371 1017 1493 1059 locus
1527 1030 1748 1058 sacrorum

1106 1088 1293 1132 Pomeos
1326 1088 1567 1131 ellenorum
1599 1087 1751 1144 lingua
1784 1089 1965 1131 octuber
1985 1098 2019 1124 25

1166 1161 1328 1204 mensis
1362 1161 1522 1204 dicitur
1554 1157 1696 1217 (lsid.)

1105 1231 1355 1276 Pomerium
1389 1233 1504 1289 quod
1536 1235 1602 1275 est
1635 1231 1751 1275 circa
1782 1247 1932 1275 muros

1107 1305 1358 1348 Pomerium
1390 1306 1482 1361 ipse
1515 1305 1636 1346 locus
1670 1304 1876 1346 arborum

1108 1377 1425 1434 Ponipulentus
1458 1391 1619 1432 pompa
1650 1376 1803 1431 plenus

1108 1449 1304 1505 Poplites
1337 1463 1527 1506 genuum
1559 1448 1725 1491 flexura

1108 1521 1281 1578 Poplite
1314 1520 1549 1577 suffragine
1985 1531 2020 1556 30

1107 1594 1281 1650 Poplite
1314 1607 1428 1650 genu

1106 1665 1274 1721 Popula
1299 1664 1539 1721 principale
1567 1663 1681 1720 quod
1709 1665 1775 1705 est
1801 1662 1966 1718 popilla

1167 1737 1453 1780 diminutiuae

1106 1809 1384 1865 Popularitas
1417 1808 1567 1864 populi
1600 1807 1758 1862 festiue
1790 1820 1966 1863 congre-

1167 1881 1367 1938 gationes

1107 1953 1392 2008 Populatates
1410 1951 1672 2007 populorum
1690 1951 1848 2006 festiue
1867 1965 1966 1994 con-

1169 2024 1445 2080 gregationes

1109 2096 1302 2151 Populea
1315 2095 1441 2152 uirga
1457 2095 1640 2151 populee
1656 2094 1825 2137 arboris
1839 2094 1965 2150 uirga
1984 2107 2019 2132 35

1113 2167 1369 2209 Portentum
1430 2182 1593 2209 nouum
1660 2165 1821 2221 aliquid
1884 2181 1963 2221 pro

1168 2239 1293 2295 signo
1306 2238 1338 2295 ¹)
1371 2242 1524 2281 natum
1558 2241 1633 2280 aut
1645 2236 1678 2295 2)
1715 2238 1881 2280 factum

1108 2311 1192 2354 Pos
1225 2314 1379 2366 postea

1108 2383 1369 2439 Postergum
1401 2397 1426 2424 a
1458 2384 1575 2425 retro

1109 2455 1372 2511 Postergum
1403 2458 1505 2510 post
1537 2454 1713 2497 dorsum

213 2756 312 2789 tores
347 2756 352 2798 Ι
385 2753 470 2789 iane
505 2755 509 2798 1
546 2755 586 2789 at
612 2757 678 2797 e—gr
703 2764 774 2798 que
808 2755 813 2798 Ι
848 2751 1060 2788 nullationa
1091 2753 1102 2797 ΙΙ
1136 2755 1165 2786 1.
1194 2750 1314 2786 lucius
1340 2762 1384 2786 ex
1409 2749 1529 2785 lacius
1555 2761 1647 2786 corr.
1679 2751 1690 2794 ΙΙ
1729 2753 1760 2784 2.
1789 2747 1963 2783 similitu-

214 2812 300 2848 dine
338 2815 350 2858 ΙΙ
388 2816 419 2849 6.
447 2813 633 2858 pecudum
658 2825 702 2850 ex
726 2813 911 2860 pecodum
936 2824 1027 2849 corr.
1058 2812 1062 2858 Ι
1095 2810 1298 2846 distructor
1335 2812 1346 2855 ΙΙ
1386 2813 1416 2846 7.
1444 2809 1656 2855 aligenator
1680 2820 1724 2844 eas
1752 2807 1966 2855 abigeiator

213 2884 302 2908 corr.
339 2874 345 2918 1
378 2872 608 2918 mancipium
634 2885 677 2908 ex
701 2872 963 2918 manticipium
988 2883 1078 2908 corr.

1114 2871 1119 2917 Ι
1154 2869 1307 2905 distruit
1341 2871 1352 2915 11
1386 2873 1441 2904 12.
1467 2868 1612 2914 plancti
1646 2868 1650 2916 Ι
1685 2879 1743 2903 res
1768 2869 1895 2915 gestas
1921 2879 1966 2903 ex

214 2933 382 2977 regestas
402 2943 492 2968 corr.
515 2934 525 2977 ΙΙ
546 2936 600 2967 13.
623 2932 828 2977 alloquitur
847 2936 858 2979 ΙΙ
879 2936 933 2968 14.
954 2930 1251 2978 gubernaculum
1271 2942 1315 2966 ex
1335 2925 1630 2976 guuernaculum
1650 2939 1739 2964 corr.
1764 2929 1769 2972 Ι
1792 2926 1935 2962 cithare
1954 2927 1966 2973 ῃ

218 2994 270 3026 16.
297 2991 450 3026 maioris
468 2994 482 3038 11
509 2995 562 3027 17.
590 2992 806 3027 Plusculum
832 2995 844 3039 ῃ
875 2996 929 3028 19.
956 3002 1162 3038 purpureas
1188 3003 1232 3026 ea:
1256 2999 1462 3037 purporeas
1481 2999 1572 3025 corr.
1593 2990 1604 3033 ΙΙ
1624 2991 1679 3022 21.
1700 2986 1927 3032 polemetum
1957 2986 1961 3033 Ι

215 3051 319 3096 ergo]
347 3052 472 3086 autem
495 3054 499 3098 Ι
522 3052 647 3087 textus
678 3054 690 3098 ΙΙ
721 3056 777 3088 30.
806 3051 1053 3100 sufflraginae
1074 3062 1090 3086 s
1127 3053 1138 3095 ΙΙ
1176 3054 1231 3085 32.
1254 3051 1311 3086 est
1335 3047 1482 3095 pupilla
1512 3050 1524 3093 ΙΙ
1567 3051 1623 3083 34.
1649 3045 1928 3092 Popularitates
1952 3045 1965 3092 l

216 3113 271 3144 37.
298 3109 369 3145 Pos
396 3112 492 3147 obzit.
517 3112 522 3157 Ι
544 3123 637 3148 nom.
665 3116 760 3148 auct.
787 3113 885 3148 oblit.
913 3114 924 3157 ΙΙ
