2216 3402
174 134 227 174 12

172 242 361 285 Chelidri
389 243 469 284 diri
497 243 665 299 generis
694 241 915 284 cuiusdam
943 256 1026 283 ser-

230 315 383 370 pentis.

135 412 137 414 -
173 386 329 428 Calidis
363 386 497 427 uestis
532 385 659 440 regia.

171 448 324 499 Colum
367 456 623 498 colatorium
668 455 738 497 uel
781 456 891 497 unde
937 471 1024 497 mu-

230 528 354 569 lieres
388 530 502 569 nent.

171 599 344 641 Celator
371 597 642 654 argentarius
671 598 744 653 qui
770 598 815 640 in
842 601 1024 654 argento

228 685 336 725 puro
364 669 631 711 extrinsecus
658 669 774 712 facta
807 669 931 725 signa
959 671 1024 712 de-

227 741 378 796 primit
411 756 436 783 a
468 741 585 783 caelo
619 741 878 783 descendens
912 742 1024 795 quod

229 827 364 869 genus
396 812 659 855 ferramenti.

133 896 148 919 5
169 883 418 939 Goliphium
474 898 609 939 genus
667 884 860 925 carnium
910 885 1024 938 quod

228 955 416 997 athletae
462 957 694 997 uescuntur
736 956 788 996 ad
833 954 1024 1010 corporis

228 1026 459 1069 sanitatem
491 1029 540 1068 ut
571 1026 706 1068 fortes
740 1026 839 1068 sint.

168 1097 401 1140 Crisatium
436 1112 570 1153 genus
606 1098 820 1152 quoddam
852 1098 953 1140 uini.

169 1168 402 1223 Crepulum
430 1169 612 1211 imbrem
639 1183 734 1210 cum
766 1184 871 1211 sono
900 1170 1024 1224 graui

227 1242 435 1282 ruentem.

169 1311 487 1366 Capillamenta
519 1312 794 1353 summitates
827 1312 1006 1354 arboris.

169 1381 407 1425 Cohercere
446 1383 489 1423 in
528 1382 701 1425 uincula
739 1383 912 1425 mittere
956 1385 1023 1425 uel

226 1453 399 1496 iactare.

117 1537 149 1562 10
170 1524 450 1567 Conclassare
484 1527 665 1568 classem
698 1527 887 1583 iungere.

170 1596 241 1639 Cit
274 1599 492 1639 certamen
525 1598 686 1639 excitat
726 1612 917 1653 pugnam
956 1599 1024 1640 uel

230 1671 485 1710 commouet.

170 1739 504 1794 Comptissimus
539 1739 852 1782 ornatissimus.

170 1810 283 1853 Coeo
315 1811 536 1853 conuenio.

170 1882 381 1924 Conluuio
416 1884 696 1939 congregatio
730 1883 922 1925 sordium
955 1884 1023 1925 uel

229 1953 460 1995 affluxione
493 1954 640 1995 multa.

117 2036 149 2060 15
170 2024 367 2068 Cuniculi
395 2039 528 2081 genus
551 2026 764 2079 quoddam
786 2025 1024 2081 agrestium

229 2095 481 2137 animalium
503 2097 616 2151 quod
641 2112 794 2138 canum
821 2097 1023 2152 indagine

229 2167 424 2209 concludi
457 2168 682 2209 consueuit
715 2167 945 2222 speluncis,

170 2238 463 2280 Conluebatur
490 2239 634 2281 conlui
661 2241 727 2280 est
760 2239 795 2279 si
829 2239 1021 2280 dicamus

230 2310 417 2351 insinum
450 2310 580 2351 maris
614 2310 757 2352 conlui
789 2310 881 2351 lues
908 2310 1023 2351 enim

230 2382 375 2435 lapsus
397 2380 554 2423 dicitur
581 2381 917 2423 circumfluentis
944 2381 1025 2422 ele-

229 2452 375 2494 menti.

171 2522 330 2565 Clauus
369 2523 583 2564 interdum
616 2525 766 2564 acutus
805 2523 1021 2565 interdum

230 2594 578 2649 gubernaculum.

172 2664 359 2719 Capesso
392 2664 637 2719 frequenter
668 2664 801 2719 capio.

173 2734 338 2777 Cariosi
365 2736 533 2792 generis
561 2736 731 2777 soboles
757 2737 1022 2777 ueterescen-

616 133 850 169 PLACIDVS
878 132 1130 167 LIBRORVM
1154 132 1471 168 ROMANORVM

1124 242 1180 284 tis
1223 243 1394 299 generis
1432 242 1511 284 filii
1550 245 1593 284 et
1631 259 1656 284 a
1693 243 1919 298 putredine

1123 303 1347 369 redigenti.
1411 314 1545 356 caries
1588 314 1702 356 enim
1744 314 1920 370 proprie

1122 386 1305 440 putredo
1344 385 1563 447 lignorum
1608 387 1673 426 est
1717 399 1825 440 quae
1862 385 1921 427 is-

1122 456 1219 498 dem
1251 457 1675 499 6Π6Π1ΐ36ειϊ6ηὺίὶω8
1708 457 1882 499 uirtute.

1063 526 1255 569 Cidarim
1298 528 1457 570 linteus
1497 531 1563 570 cst
1603 527 1717 583 quod
1758 528 1919 583 repites
1940 539 1974 564 20

1122 599 1345 641 iudeorum
1361 599 1427 641 die
1447 600 1630 641 sabbato
1646 614 1775 655 super
1790 603 1921 654 caput

1121 670 1286 712 habent
1318 671 1441 712 ualde
1475 671 1693 712 mundum.

1064 740 1191 783 Cauit
1223 743 1444 797 praecepit
1466 742 1536 784 uel
1568 742 1705 784 iussit.

1064 812 1227 855 Cautus
1250 816 1401 855 acutus
1424 813 1605 855 callidus
1627 813 1797 868 sapiens
1824 828 1920 869 pru-

1122 884 1237 926 dens.

1064 953 1174 996 Cum
1217 955 1360 997 uisum
1405 958 1471 997 est
1514 971 1592 1011 pro
1637 971 1734 998 cum
1778 956 1918 998 uisum

1123 1029 1246 1068 esset.

1063 1097 1377 1154 Correpserunt
1398 1102 1592 1153 correpte
1614 1098 1798 1155 ingressi
1818 1101 1919 1140 sunt

1123 1170 1177 1211 ab
1210 1185 1259 1212 eo
1293 1170 1407 1225 quod
1440 1171 1621 1212 dicimus
1654 1185 1769 1225 repo.

1065 1239 1262 1283 Cieretur
1292 1244 1521 1283 uocaretur
1552 1242 1621 1283 uel
1655 1244 1916 1284 euocaretur.
1938 1252 1972 1278 25

1064 1312 1368 1355 Celebraretur
1413 1313 1528 1354 fama
1579 1315 1693 1355 esset
1738 1313 1918 1355 celebris

1123 1384 1240 1425 fama
1271 1386 1414 1426 notus.

1064 1454 1225 1497 Glamis
1258 1455 1394 1497 uestis
1426 1458 1674 1510 purpurata.

1064 1525 1321 1569 Consiturus
1354 1526 1607 1568 inserturus.

1063 1597 1248 1641 Chimba
1279 1597 1391 1640 iouis
1424 1597 1559 1639 nauis.

1063 1668 1301 1711 Classicum
1319 1669 1434 1711 canit
1450 1669 1641 1711 celeuma
1661 1669 1785 1711 nauis
1801 1670 1917 1712 dicit.
1937 1679 1972 1704 30

1062 1741 1250 1783 antarii
1266 1742 1356 1782 cete
1373 1740 1529 1782 dicitur
1550 1754 1685 1795 genus
1706 1740 1918 1782 maximae

1122 1812 1289 1853 belluae
1323 1811 1375 1852 ab
1408 1811 1491 1852 hoc
1522 1826 1625 1853 uero
1658 1826 1814 1867 genere
1847 1813 1917 1853 ab·

1122 1881 1243 1924 usiue
1275 1882 1514 1937 piscatores
1543 1883 1692 1924 cetarii
1718 1883 1919 1925 dicuntur

1122 1956 1165 1994 et
1193 1952 1266 2008 qui
1300 1956 1514 1996 tractante
1541 1969 1676 2009 aquae
1709 1970 1760 1996 ex
1791 1955 1917 2009 pisci-

1121 2025 1201 2066 bus
1247 2025 1357 2066 fiunt
1402 2025 1702 2079 liquemanarii
1746 2026 1820 2080 qui
1866 2041 1918 2067 ex

1121 2096 1375 2150 corporibus
1407 2096 1592 2151 piscium
1617 2095 1844 2138 humorem
1869 2096 1917 2138 li-

1123 2169 1269 2221 quant.

1062 2238 1249 2280 Coraula
1281 2240 1490 2279 cantator.

1063 2308 1205 2350 Cinire
1239 2309 1391 2350 ceobes
1425 2308 1579 2350 cineris
1618 2309 1808 2351 colorem
1842 2309 1916 2351 ha-

1121 2381 1284 2422 bentes.

1062 2451 1188 2495 Calta
1237 2442 1372 2507 genus
1418 2450 1632 2506 quoddam
1676 2449 1796 2492 floris
1846 2451 1915 2492 uel

1119 2522 1290 2563 herbae.

1060 2591 1304 2635 Concinunt
1337 2593 1576 2635 consonant
1608 2591 1895 2634 consentiunt.
1933 2598 1966 2624 3⁵

1060 2663 1262 2706 Concinis
1295 2663 1524 2705 consentis.

1061 2734 1226 2777 Choros
1247 2734 1432 2776 excitare
1453 2735 1606 2775 cantus
1627 2732 1779 2775 dicere.
1815 2732 1912 2774 cho-

267 2867 296 2897 1.
319 2863 508 2897 Cheliudri
528 2863 599 2897 diri
619 2875 646 2899 c.
680 2863 785 2898 Cheli
804 2863 941 2898 dicitur
961 2863 1047 2897 idiri
1067 2875 1089 2898 a
1111 2864 1116 2907 Ι
1140 2863 1327 2908 serpentes
1348 2874 1366 2898 c
1384 2864 1395 2907 ΙΙ
1415 2865 1446 2896 4.
1468 2860 1532 2905 qui
1553 2873 1629 2907 arg.
1652 2865 1734 2913 ante
1754 2871 1844 2896 corr.
1861 2861 1880 2896 b
1902 2860 1907 2908 Ι

173 2923 212 2956 in
237 2934 302 2957 om.
331 2935 351 2956 (ι
384 2925 394 2965 Η
427 2927 456 2957 5.
486 2922 635 2957 adlethc
661 2935 684 2957 a
714 2925 726 2967 ΙΙ
759 2927 789 2958 7.
823 2934 904 2957 com
938 2934 1028 2957 sona
1054 2934 1072 2957 c
1102 2924 1112 2966 Η
1146 2926 1176 2958 9.
1210 2921 1343 2957 cocere
1369 2923 1399 2957 b.
1439 2919 1613 2955 Coerccre
1640 2921 1660 2955 b
1692 2921 1733 2954 in
1756 2931 1869 2965 mary.
1901 2919 1914 2965 Η

176 2984 228 3015 15.
251 2980 420 3016 Cuniculi
436 2993 504 3025 pro
526 2981 692 3015 Coniculi
713 2993 803 3017 corr.
825 2994 857 3017 a.
893 2980 1060 3016 Coniculi
1080 2992 1098 3016 c
1116 2982 1127 3024 l}
1149 2985 1202 3016 16.
1231 2979 1506 3015 circunfluentis
1527 2991 1575 3014 ac
1593 2981 1605 3024 ΙΙ
1628 2982 1680 3013 18.
1702 2983 1786 3023 post
1805 2981 1854 3013 :24
1881 2978 1913 3021 b,

172 3041 236 3074 hoc
262 3040 336 3074 loco
362 3040 446 3074 add.
475 3040 511 3073 122
543 3042 553 3084 Η
588 3045 640 3075 19.
668 3040 801 3075 iisdem
828 3053 851 3075 a
870 3042 881 3085 ΙΙ
913 3044 967 3075 22.
996 3040 1152 3074 aucutus
1180 3041 1303 3084 61125.
1332 3039 1407 3085 uel]
1436 3038 1481 3074 .i.
1509 3039 1528 3073 b
1559 3040 1570 3083 ΙΙ
1603 3041 1657 3072 31.
1684 3037 1910 3071 tractantae-

176 3109 295 3143 aquae
323 3099 341 3133 b
364 3099 368 3144 1
392 3097 560 3143 liqueant
587 3104 669 3134 aute
695 3112 782 3135 corr.
812 3101 831 3135 b
852 3101 863 3144 ΙΙ
884 3104 937 3134 33.
966 3099 1094 3134 Cinere
1121 3100 1140 3133 b
1160 3100 1171 3143 Η
1192 3103 1245 3134 36.
1273 3111 1295 3134 α
1322 3099 1454 3133 chorus
1480 3109 1574 3133 nova
1598 3097 1645 3143 ql.
1672 3096 1864 3131 incohatur
1883 3096 1894 3139 ΙΙ
