2216 3402
681 131 914 168 PLACIDVS
941 132 1069 167 LIBRI
1096 131 1386 167 GLOSSARVM

159 243 322 284 Exerce
338 242 712 284 indissimulanter
727 245 856 296 atque
873 244 1014 283 osten-

218 313 414 354 tabiliter
453 313 590 355 exerti
628 316 774 355 autem
812 312 1015 354 dicuntur

219 385 293 439 qui
332 385 542 426 uirtutem
585 399 706 426 suam
750 387 930 425 exerunt
971 387 1015 424 et

218 457 263 498 in
294 459 503 511 prumptu
534 456 699 497 habent

159 528 327 570 Exesus
356 530 589 570 euacuatus
624 526 801 582 gracilis

160 599 487 641 Exfabillauero
521 612 724 639 exemero

160 671 226 712 Ex
232 672 428 712 februare
440 683 680 725 expurgare
691 668 892 710 februare
902 668 1016 709 enim

219 756 404 798 purgare
438 744 505 782 est

123 813 225 855 5Ex
257 813 394 855 fenice
428 813 574 854 abisso
608 827 803 867 expanno
836 826 962 853 roseo

159 885 326 927 Exinde
359 888 452 926 tum
486 885 637 925 deinde

160 957 503 1012 Exippitandum
565 956 773 997 hiandum
832 955 1017 997 oscitan-

219 1029 322 1070 dum

159 1100 337 1141 Exitam
370 1100 540 1141 finitam
573 1102 770 1140 exactam

159 1172 412 1213 Exitiabilis
447 1175 513 1213 est
549 1172 680 1213 homo
714 1170 788 1225 qui
829 1170 903 1211 alii
937 1169 1020 1211 exi-

220 1244 330 1284 tium
368 1245 538 1298 prestat
577 1243 759 1284 dicimus
800 1241 1020 1283 exitialem

220 1319 263 1356 et
307 1314 451 1356 locum
488 1315 534 1355 in
572 1329 658 1369 quo
702 1314 881 1355 exitium
926 1313 1020 1354 fieri

220 1389 368 1441 potest
399 1390 448 1428 ut
480 1385 609 1428 fouea
634 1386 703 1427 uel
739 1385 910 1441 gladius

109 1472 142 1497 10
161 1457 327 1499 Exnuit
357 1457 502 1511 innuit
534 1456 600 1509 (de
627 1455 702 1513 91.)

97 1539 107 1547 ”
161 1529 422 1571 Exodiarius
446 1529 491 1570 in
512 1530 683 1570 mimise
705 1528 931 1583 turpitudo
953 1528 1021 1569 de—

221 1601 438 1643 lectabilis

161 1673 396 1715 Exoticum
422 1689 581 1715 nomen
601 1678 668 1715 est
695 1687 871 1728 grecum
891 1673 933 1713 id
956 1675 1022 1713 est

222 1745 500 1800 peregrinum
530 1746 580 1786 de
612 1745 719 1786 foris
753 1744 930 1785 ueniens
964 1743 1022 1784 di-

225 1816 361 1858 cimus
383 1815 611 1858 exoticum'
628 1816 778 1857 uinum
804 1815 1021 1857 exoticum

222 1891 391 1929 uestem
424 1888 642 1930 exoticum
675 1886 932 1942 anticipium

163 1958 386 2014 Expecula
418 1962 696 2014 expectantes
724 1974 775 2000 ex
802 1959 892 2000 alto
925 1959 1021 2000 loco

223 2031 496 2073 intendentes

164 2102 406 2159 Expergito
439 2104 560 2145 uelut
594 2118 745 2145 somno
780 2103 925 2144 ablato

111 2189 145 2214 15
164 2173 447 2229 Experientia
497 2176 893 2230 experimentorum
945 2188 1022 2215 no-

183 2258 184 2261 ’
223 2245 325 2287 titia

164 2317 437 2372 Experimini
470 2318 813 2373 experimentum
848 2318 988 2372 capite

165 2388 401 2443 Experitus
433 2405 521 2431 non
559 2391 726 2444 peritus
760 2392 881 2431 extra
912 2389 1022 2444 peri-

225 2460 334 2502 tiam
365 2462 532 2516 peritus
566 2462 678 2503 sicut
716 2476 868 2516 expers
903 2464 1026 2502 extra

166 2531 335 2587 Expers
380 2536 423 2574 et
474 2548 625 2587 exspes
671 2548 822 2588 expers
875 2547 1025 2574 carens

227 2619 355 2659 expes
401 2605 492 2646 sine
538 2620 613 2658 spe
657 2607 701 2646 et
751 2607 818 2645 est
868 2619 1027 2645 nomen

1851 130 1903 170 67

1113 244 1315 295 expertus
1351 242 1426 281 aut
1457 238 1739 294 participium
1769 242 1838 279 est
1865 253 1908 278 es

1111 327 1209 367 pers
1242 325 1346 352 uero
1381 310 1472 352 sine
1504 325 1531 351 x
1562 309 1671 350 nihil
1706 312 1775 350 est

1053 384 1282 438 Expetiuit
1315 383 1479 424 dictum
1511 396 1589 436 pro
1618 381 1725 422 satis
1755 380 1912 435 petiuit
1931 393 1965 416 20

1114 458 1156 495 et
1196 454 1496 495 inimicissime
1529 453 1582 494 ad
1621 452 1912 494 uehementis-

1117 527 1222 567 sime
1256 526 1430 566 adnisus
1465 527 1531 566 est

1056 597 1334 652 Expilatores
1363 597 1499 638 aliene
1526 595 1782 637 hereditatis
1816 595 1914 635 sub-

1115 683 1314 710 uersores

1058 740 1252 795 Explicit
1285 740 1337 780 ad
1369 739 1532 780 librum
1565 738 1751 779 refertur
1783 738 1915 792 expli-

1116 811 1233 853 cauit
1259 813 1404 852 autem
1432 813 1475 852 et
1509 810 1742 864 explicabit
1761 810 1814 851 ad
1841 810 1912 851 110-

1116 883 1278 923 minem
1324 885 1371 923 ut
1418 882 1454 923 si
1500 882 1693 923 dicamus
1739 881 1916 935 explicit

1115 955 1227 995 liber
1254 953 1463 1008 explicuit
1494 952 1625 994 homo
1655 965 1763 1007 opus
1791 967 1917 994 suum

1055 1026 1194 1067 Exsul
1233 1025 1380 1067 addito
1420 1040 1439 1066 s
1478 1025 1606 1066 debet
1647 1025 1778 1066 scribi
1818 1025 1918 1079 quia

1119 1098 1240 1140 exsul
1285 1097 1444 1139 dicitur
1490 1096 1565 1151 qui
1610 1099 1732 1137 extra
1778 1095 1918 1137 solum

1119 1185 1242 1211 suum
1277 1172 1344 1211 est

1058 1241 1170 1282 Exte
1204 1256 1297 1282 esse

1058 1313 1292 1367 Extemplo
1326 1315 1370 1354 et
1401 1312 1503 1354 ilico
1535 1311 1599 1353 ita
1632 1310 1919 1367 distinguitur

1119 1385 1336 1439 extemplo
1377 1384 1523 1426 subito
1568 1383 1670 1425 ilico
1711 1383 1917 1424 continuo

1119 1456 1259 1511 (Isicl.)

1058 1528 1236 1570 Extima
1255 1530 1443 1570 uacuata
1463 1528 1531 1569 uel
1557 1527 1700 1568 tenuis
1724 1528 1918 1567 extrema
1939 1538 1973 1563 25

1058 1599 1239 1640 Extima
1276 1601 1470 1640 extrema
1509 1601 1558 1639 ut
1602 1598 1810 1639 lucretius
1854 1613 1919 1638 ex—

1121 1672 1229 1712 tima
1255 1671 1551 1712 membrorum
1580 1670 1742 1712 circum
1769 1684 1922 1711 casura

1059 1743 1296 1798 Extirpata
1317 1758 1342 1784 a
1362 1743 1503 1784 radice
1526 1743 1736 1783 subuersa
1763 1740 1829 1796 (ale
1844 1742 1918 1795 φῖ.)

1060 1815 1275 1856 Extorum
1301 1814 1611 1855 intestinorum
1636 1816 1835 1854 extorum
1863 1813 1920 1853 di-

1122 1902 1214 1929 cere
1249 1887 1453 1928 debemus
1485 1900 1573 1927 non
1606 1888 1804 1926 extarum

1060 1958 1281 2000 Extranea
1303 1958 1545 1999 abortiuani
1565 1957 1666 2012 quia
1683 1957 1921 2012 plurimum

1121 2029 1325 2071 exercitie
1359 2029 1556 2071 abiciunt
1588 2044 1639 2070 ex
1673 2044 1748 2070 ora

1060 2101 1270 2143 Extream
1291 2101 1661 2155 auortiuam'quia
1683 2101 1921 2155 plurimum
1943 2113 1976 2137 30

1122 2173 1327 2215 exercitie
1362 2172 1558 2214 abiciunt
1591 2175 1714 2214 extra

1061 2244 1346 2286 Extrinsecus
1373 2244 1490 2286 foras

1061 2316 1244 2357 Exultat
1279 2316 1432 2357 melius
1467 2317 1558 2357 sine
1592 2331 1611 2357 3
1646 2315 1795 2357 littera
1822 2316 1923 2357 scri-

1120 2389 1240 2429 bitur
1277 2403 1378 2429 nam
1412 2403 1509 2429 cum
1548 2388 1643 2442 ipsa
1682 2403 1707 2428 x
1741 2402 1792 2428 ex
1826 2402 1847 2428 c
1880 2390 1923 2428 et

1124 2474 1143 2500 s
1183 2462 1355 2501 constet
1394 2460 1611 2514 quomodo
1652 2474 1749 2500 cum
1788 2459 1831 2500 in
1875 2473 1923 2499 ea

1124 2531 1183 2573 sit
1226 2532 1314 2572 iam
1359 2546 1379 2572 3
1430 2546 1579 2572 11113113
1625 2531 1664 2572 01
1714 2531 1923 2572 adicimus

1124 2603 1255 2645 aliam
1275 2601 1646 2662 (fontis'inflicbum
1670 2603 1747 2655 lessi
1768 2599 1924 2656 nequit)

265 2760 295 2792 1.
323 2757 459 2792 Exerte
493 2760 497 2799 1
531 2759 683 2802 prumtu
718 2759 722 2801 1
757 2757 952 2791 habebant
988 2758 1000 2801 ΙΙ
1040 2760 1071 2791 3.
1100 2755 1207 2791 cicer.
1235 2757 1309 2791 cod.
1348 2757 1360 2799 ΙΙ
1398 2759 1429 2790 4.
1459 2756 1516 2790 est
1542 2767 1607 2790 om.
1638 2759 1642 2798 1
1675 2754 1782 2789 cicer.
1810 2755 1885 2789 cod.

170 2819 201 2850 Γ).
229 2816 366 2860 abysso
388 2818 393 2862 Ι
417 2816 522 2851 cicer.
550 2818 625 2852 cod.
664 2820 675 2862 ῃ
714 2820 744 2851 9.
772 2815 994 2851 Exiciabilis
1019 2818 1023 2861 Ι
1053 2815 1249 2851 exicialem
1281 2817 1292 2860 ΙΙ
1325 2818 1379 2849 12.
1409 2814 1594 2849 exoticam
1621 2814 1792 2858 uestem}
1819 2825 1924 2848 man-

169 2874 308 2920 cipium
345 2878 356 2920 ΙΙ
396 2879 449 2911 13.
476 2876 516 2910 111
555 2875 560 2923 1
600 2876 819 2911 intendente
856 2878 868 2921 ΙΙ
907 2879 961 2911 15.
995 2877 1089 2911 hanc
1114 2877 1160 2921 ql.
1189 2887 1256 2910 om.
1295 2877 1306 2919 Η
1346 2879 1400 2909 17.
1426 2873 1607 2919 periciam
1644 2876 1655 2919 Η
1695 2877 1749 2909 18.
1777 2885 1887 2919 expes
1917 2873 1921 2921 Ι

175 2945 307 2986 exspes
341 2937 346 2978 Ι
380 2934 584 2979 particium
617 2937 622 2981 Ι
658 2937 781 2982 etpers
813 2937 825 2981 ll
859 2940 912 2971 19.
946 2935 1149 2981 Expetiuid
1184 2937 1188 2978 1
1223 2934 1294 2968 hac
1324 2933 1652 2968 uehementissime
1685 2935 1696 2979 [1
1728 2937 1784 2969 20.
1820 2933 1924 2968 here-

160 2994 302 3033 ditatis
335 3006 379 3029 em
410 2994 620 3029 hereditate
646 3007 737 3031 corr.
769 2997 781 3040 Η
813 2999 868 3030 22.
897 2995 1035 3030 dicitur
1061 2993 1192 3029 addito
1217 2995 1228 3038 Η
1254 2996 1310 3027 26.
1339 2994 1584 3028 extranea.ut
1611 2995 1623 3039 Η
1648 2996 1704 3028 29.
1732 2993 1797 3038 qui
1825 2996 1829 3038 Ι
1865 3005 1924 3028 ex-

170 3053 286 3089 ciciae
317 3056 320 3097 ῖ
356 3054 462 3088 extra
493 3056 504 3099 [Ι
536 3057 591 3089 30.
626 3054 841 3089 abortiuum
873 3067 916 3090 ex
949 3054 1163 3090 auortiuum
1195 3064 1284 3088 corr.
1322 3056 1326 3097 Ι
1368 3052 1543 3088 exerticie
1579 3052 1750 3089 abiciunt
1785 3054 1890 3088 extra
1915 3054 1926 3099 J}

171 3116 226 3147 32.
253 3113 332 3148 iam'
357 3113 389 3159 s]
416 3113 493 3148 iam
523 3114 535 3158 ΙΙ

1560 3146 1634 3208 ‚5ss
