2221 3490
603 135 859 171 EXCERPTA
885 136 949 170 EX
976 135 1147 171 CoDIOE
1175 135 1454 171 OASSINENSI
1482 140 1526 169 90

182 248 429 303 Inrequerit
462 246 657 303 legitime
692 245 837 301 querit

185 319 561 374 Inrefragabiliter
593 316 976 373 inreprobabiliter

186 391 460 433 insertabam
491 390 746 432 inherebam

188 463 424 504 Inscribere
460 462 511 503 ad
546 462 734 503 dandum
763 474 938 502 censum
972 459 1040 501 uel

245 549 317 576 are
351 549 428 575 sua
461 533 648 574 alienare

152 605 402 647 =·›111te1-hibi
436 605 603 646 interea
635 603 811 645 interim

188 677 416 718 Interlitus
443 675 710 718 interlinitus
730 674 800 716 uel
821 673 1042 715 intercisio

248 748 370 790 uerbi
393 748 563 802 quando
586 747 700 788 inter
723 761 767 788 se
786 745 1046 787 obliteratur

188 818 463 874 lntepedauit
499 818 706 874 fatigauit

187 890 461 933 Internecida
500 890 573 946 qui
615 889 774 932 falsum
816 891 1047 930 testamen-

250 966 345 1004 tum
377 962 484 1004 facit
510 964 553 1003 et
581 962 635 1003 ob
663 961 706 1002 id
731 960 953 1002 hominem
981 974 1046 1001 oe-

251 1035 357 1078 cidit

189 1106 506 1162 Intempestiuo
541 1120 628 1148 non
661 1120 737 1147 suo
771 1107 967 1159 tempore

136 1178 449 1220 101ntentanclo
508 1193 606 1220 cum
655 1180 751 1219 tota
804 1175 1045 1217 intentione

247 1250 551 1293 comminando

186 1323 525 1365 Interimentum
559 1322 595 1362 si
630 1321 775 1376 aliqua
806 1319 970 1375 species
1002 1319 1048 1360 in

250 1394 392 1436 medio
427 1396 594 1434 teratur

186 1466 406 1508 Intronizo
440 1465 486 1506 in
519 1467 648 1506 trono
684 1463 903 1506 constituo

187 1537 448 1580 lnterminat
480 1538 701 1578 contestat
737 1535 875 1577 minat

188 1609 309 1651 Inter
342 1607 595 1650 aduerbium
629 1607 849 1663 significat
882 1607 997 1649 enim

135 1690 168 1715 ¹5
189 1681 377 1723 intracia
409 1694 533 1722 mons
567 1679 727 1721 cimera

187 1753 442 1795 Interstatio
494 1751 771 1806 interpositio
825 1750 1045 1792 dubitatio

208 1813 212 1816 ²
250 1823 518 1867 intermissio

188 1898 461 1952 lutei-ceptor
476 1896 550 1951 qui
572 1896 687 1938 inter
709 1895 815 1937 duos
836 1895 886 1936 de
909 1894 1049 1937 medio

252 1967 425 2010 tollitur

189 2039 442 2082 Interrasile
475 2039 588 2081 idest
620 2038 829 2095 inaglista

191 2112 406 2154 Inuncant
442 2125 572 2153 manu
604 2111 694 2153 uim
735 2126 863 2153 manu
898 2111 1050 2153 intulit

137 2195 170 2219 20
188 2183 431 2226 Inuentarii
462 2182 629 2225 inuiare

189 2256 377 2298 Inunum
409 2270 487 2310 pro
521 2253 651 2296 simul

190 2327 290 2383 Ipse
321 2341 480 2369 nomen
512 2327 691 2369 honoris
727 2330 791 2370 est

190 2398 273 2440 Iris
308 2398 387 2440 dea
418 2398 464 2440 in
496 2398 617 2440 cuius
652 2399 792 2454 capite
829 2414 954 2441 arcus
989 2413 1050 2453 ce-

249 2470 374 2512 lestis
407 2485 432 2512 a
462 2470 646 2526 paganis
679 2485 772 2513 esse
812 2471 1051 2526 putabatur

191 2542 394 2585 Ircanum
428 2541 539 2584 silua
576 2542 764 2597 armenie

140 2614 237 2656 2511·
275 2629 400 2657 arcus
440 2613 521 2668 celi
561 2616 604 2655 et
649 2613 858 2657 medietas
899 2630 1052 2658 manus

252 2686 325 2728 sed
357 2686 434 2728 iris
468 2686 693 2728 inuenitur
723 2686 828 2728 noffi

191 2758 341 2814 Istega
371 2757 498 2800 nauis
532 2758 809 2813 proscenium
834 2758 904 2800 uel
931 2759 1052 2800 tabu-

252 2830 392 2871 latum
426 2829 471 2871 ἐἶ’
505 2845 633 2886 quem
664 2832 796 2872 naute
827 2830 1053 2872 ambulant

193 2972 238 3015 K
270 2976 400 3028 caput

193 3043 234 3086 K
267 3044 480 3098 calumnie

195 3115 506 3158 Kalendarium
540 3131 670 3160 causa

1850 134 1928 175 571

1080 244 1207 287 Lacit
1241 245 1400 300 decipit
1957 257 1990 280 30

1081 316 1274 358 Lacertis
1308 317 1515 358 musculis
1550 317 1828 359 brachiorum
1862 318 1936 357 aut

1141 401 1275 443 genus
1310 388 1493 441 piscium

1080 458 1258 501 Lacinia
1291 473 1366 500 ora
1398 459 1649 501 uestimenti

1080 530 1313 571 Leontium
1345 545 1504 572 nomen
1537 530 1694 585 femine

1082 601 1288 643 Leofilius
1321 601 1458 643 leonis
1492 601 1607 642 filius

1082 673 1218 715 Lerus
1253 672 1413 714 animal
1447 675 1513 713 est
1959 684 1992 709 35

1084 744 1348 786 Leuicabilis
1380 743 1572 785 lenibilis
1606 743 1862 785 dealbabilis

1086 817 1278 858 Ledones
1313 816 1496 857 maiores
1535 818 1654 857 estus

1085 888 1374 930 Lectisterma
1400 887 1552 942 pannis
1575 889 1835 929 stramentas
1860 887 1939 928 lec-

1145 963 1290 1001 torum

1085 1031 1247 1073 Lembo
1280 1031 1406 1073 nauis
1441 1031 1610 1072 modica
1643 1034 1686 1073 et
1719 1031 1845 1073 uelox

1084 1103 1248 1146 Leueta
1280 1103 1372 1145 sola
1404 1102 1600 1144 feminini
1634 1103 1804 1159 generis
1962 1116 1996 1139 ιω

1085 1175 1372 1218 Lentaculum
1405 1174 1598 1231 gustatio

1085 1247 1194 1289 Liba
1237 1247 1459 1302 placentes
1505 1249 1606 1288 sunt
1647 1247 1697 1289 (le
1742 1247 1855 1288 farre
1901 1249 1943 1287 ot

1145 1319 1272 1361 melle
1306 1322 1349 1361 et
1382 1320 1475 1361 oleo
1511 1319 1644 1361 sacris
1678 1321 1777 1373 apte

1085 1390 1240 1445 Lippio
1275 1391 1489 1433 infirmior
1522 1390 1657 1433 oculis

1085 1462 1268 1518 Ligatus
1302 1462 1486 1518 simplex

1086 1534 1208 1576 Lises
1243 1535 1383 1591 caligo
1964 1547 1999 1570 4⁵

1085 1606 1276 1649 Liburne
1311 1607 1456 1649 accole
1490 1606 1686 1649 adriatici
1723 1605 1854 1647 maris

1086 1677 1200 1720 Lilia
1245 1679 1339 1734 agri
1383 1677 1505 1735 ligna
1549 1681 1651 1720 sunt
1698 1677 1792 1733 agri
1832 1691 1945 1718 cam-

1146 1765 1227 1806 pus
1260 1753 1327 1792 est

1086 1821 1361 1878 Listrigones
1408 1825 1464 1879 gs
1503 1821 1798 1864 crudelissime
1845 1823 1946 1862 sunt

1148 1897 1198 1936 ut
1231 1894 1392 1950 ciclope

1089 1966 1246 2008 Libida
1278 1968 1491 2008 uenenata
1524 1965 1706 2008 conuida

1089 2038 1290 2080 Licenter
1325 2037 1444 2080 licite
1967 2051 2002 2074 50

1089 2109 1189 2151 Lita
1221 2109 1364 2151 limita

1089 2181 1210 2223 Linis
1245 2183 1439 2224 strambo
1474 2184 1517 2223 et
1551 2181 1717 2224 oblicus
1752 2179 1890 2223 oculis

1089 2253 1338 2309 Liquuntur
1370 2254 1565 2296 defluunt

1090 2325 1268 2381 Lichine
1303 2326 1476 2368 candele

1089 2398 1294 2441 Libentia
1341 2413 1500 2440 nomen
1547 2398 1698 2440 fictum
1744 2413 1768 2439 a·
1814 2398 1946 2439 uerbo
1968 2409 2003 2434 ⁵5

1148 2471 1258 2513 libet

1089 2542 1217 2598 Lysis
1268 2542 1538 2598 gluttinosus
1591 2542 1704 2597 quod
1762 2541 1948 2583 retinere

1150 2628 1239 2655 non
1270 2617 1418 2669 potest

1091 2685 1199 2727 Lixa
1232 2686 1551 2727 mercennarius

1091 2757 1241 2799 Limus
1281 2758 1355 2799 lux
1393 2758 1513 2799 labes
1552 2756 1765 2813 pluralem
1806 2770 1950 2798 nume-

1151 2844 1248 2871 rum
1279 2845 1368 2872 non
1399 2829 1562 2871 habent

1091 2900 1291 2943 Litumos
1342 2901 1619 2956 impatientia
1665 2900 1831 2942 calcata
1880 2900 1949 2941 uel

1152 2972 1409 3014 crudelitate
1442 2972 1571 3014 irrisa

1092 3043 1324 3098 Libripens

1092 3114 1262 3157 Liticen
1293 3114 1397 3157 litor

1972 3054 2007 3079 60
