2216 3402
920 141 1193 177 PRAEFATIO
1848 142 1930 175 XXI

164 252 374 294 ’videturz
415 267 520 306 quas
554 267 604 293 ex
641 253 795 306 poetae
829 251 1146 304 exemplaribus
1180 251 1354 293 fluxisse
1385 250 1739 292 adnotationibus
1773 251 1930 306 margi-

186 323 357 370 nalibus
398 338 524 378 saepe
558 322 781 364 vilissimis
815 324 963 363 auctas
995 322 1282 376 probabiliter
1314 321 1581 364 coniecerim.
1631 320 1695 362 De
1727 320 1929 363 Placidi

136 390 138 393 ’
187 409 287 436 vero
332 395 490 450 glossis
530 394 669 449 primo
710 393 852 448 capite
892 392 997 434 satis
1036 392 1221 448 egimus:
1261 396 1417 448 restat,
1448 395 1497 434 ut
1536 393 1586 434 de
1627 392 1784 448 glossis
1829 392 1928 447 illis,

188 480 296 519 quae
322 468 471 508 notam
491 467 538 507 de
558 465 706 519 ylossis
732 464 799 506 vel
825 466 873 507 de
893 468 941 518 97‘
971 464 1145 518 habent,
1167 465 1267 523 quid
1290 465 1516 506 dicendum
1536 464 1733 505 videatur
1761 463 1928 505 addam.

187 536 302 586 Quas
349 537 518 592 glossas
558 551 655 578 cum
695 550 842 577 omnes
882 550 932 577 ex
977 550 1062 577 uno
1104 536 1336 590 eodemque
1382 535 1595 590 glossario
1642 537 1765 576 vasto
1811 550 1927 589 repe-

107 630 116 639 ·
183 608 333 649 tendas
353 608 595 662 putavisset
609 607 954 649 WILMANNSIVS
983 604 1112 662 (Mus.
1134 606 1270 648 Rhen.
1298 606 1381 648 vol.
1397 608 1454 648 24
1479 619 1517 661 p.
1531 604 1650 662 376),
1671 621 1746 647 cur
1765 607 1926 647 rectius

185 693 236 719 ex
287 678 449 719 maiore
499 693 679 720 numero
725 677 1037 733 glossariorum
1082 677 1296 719 minorum
1343 678 1567 719 materiem
1617 677 1926 731 transcriptam

184 764 277 791 esse
317 765 414 791 cum
454 749 677 791 VSENERO
717 747 846 806 (Mus.
880 749 1016 790 Rhen.
1050 749 1132 790 vol.
1159 750 1216 790 24
1248 764 1287 803 p.
1315 747 1421 804 383)
1461 751 1504 790 et
1545 748 1738 791 LOEWIO
1780 746 1925 805 (Prod.

181 836 221 875 p.
243 818 350 876 223)
384 823 640 874 statuamus,
673 820 698 862 1.
721 835 774 862 ss.
808 836 848 874 p.
871 820 928 862 65
950 820 1074 873 [275]
1108 820 1307 874 exposui:
1347 835 1431 874 quo
1466 820 1510 860 in
1541 835 1720 861 numero
1755 820 1923 875 glossas

183 890 436 933 ‘Abstrusa'
470 906 563 932 esse
602 892 688 933 iam
728 889 772 933 C.
801 890 849 932 G.
876 890 923 933 L.
957 891 1021 932 IV
1052 891 1187 946 praef.
1219 906 1260 945 p.
1282 890 1423 932 XXIX
1464 891 1810 933 commemoravi.
1874 890 1925 931 In

181 977 266 1017 qua
307 963 551 1018 glossarum
585 962 784 1018 congerie
819 962 955 1004 multa
989 962 1180 1004 trivialia
1215 963 1355 1004 inesse
1387 977 1513 1004 nemo
1547 964 1613 1003 est
1646 962 1750 1016 quin
1782 962 1924 1003 videat

181 1033 254 1088 qui
293 1034 547 1089 inspexerit3
587 1035 659 1075 sed
699 1034 831 1075 etiam
869 1034 1085 1088 perbonas
1125 1035 1294 1089 glossas
1332 1033 1394 1075 ibi
1428 1036 1614 1087 exstare⁷
1652 1033 1698 1074 in
1729 1033 1798 1075 his
1836 1049 1923 1075 non

179 1119 338 1158 paucas
370 1105 490 1146 nullo
525 1105 610 1146 alio
644 1105 740 1147 loco
775 1108 987 1160 servatas,
1021 1120 1171 1147 caecus
1210 1105 1404 1160 negabit.
1465 1104 1556 1146 Has
1591 1106 1806 1159 quomodo
1840 1120 1923 1146 me-

178 1174 262 1217 lius
296 1176 417 1230 operi
450 1191 546 1218 meo
580 1176 830 1218 adhiberem
864 1191 994 1230 quam
1027 1176 1291 1230 excerpendo
1326 1190 1396 1217 eas
1431 1190 1537 1230 quae
1571 1176 1761 1217 melioris
1794 1179 1922 1217 notae

180 1250 335 1301 essent,
374 1262 461 1289 non
498 1247 656 1289 inveni.
720 1246 804 1289 Sed
836 1248 886 1289 de
918 1248 999 1289 1130
1039 1248 1292 1302 quaestione
1325 1248 1352 1290 1.
1385 1262 1417 1289 3.
1452 1263 1481 1290 s,
1515 1263 1555 1301 p.
1577 1247 1632 1289 66
1657 1247 1779 1298 [276]
1815 1246 1921 1288 satis

176 1317 263 1373 egi:
301 1333 415 1360 nunc
455 1319 504 1361 de
545 1319 750 1360 subsidiis
791 1318 953 1361 criticis
987 1319 1138 1374 dicam,
1173 1319 1329 1374 quibus
1369 1318 1575 1360 adhibitis
1607 1316 1920 1359 EXOERPTA

175 1389 253 1430 EX
287 1388 464 1432 LIBRO
499 1389 856 1432 GLOSSARVM
889 1390 1012 1432 edidi.

293 1460 377 1502 Pro
410 1461 692 1504 fundamento
725 1462 928 1504 editionis
961 1462 1095 1503 habui
1128 1462 1319 1504 codicem
1352 1461 1697 1504 vetustissimum
1729 1460 1922 1503 Parisi-

174 1548 290 1577 num
311 1533 385 1574 lat.
409 1534 564 1575 11529.
589 1534 734 1576 11530
760 1532 823 1589 (S.
847 1532 1052 1575 Germani
1078 1534 1152 1575 lat.
1178 1535 1279 1588 12,1
1304 1537 1348 1575 et
1371 1535 1436 1587 12,
1452 1535 1496 1589 2)
1524 1534 1919 1575 membranaceum:

175 1618 303 1658 quem
340 1604 501 1646 librum
534 1619 631 1646 cum
671 1604 997 1647 accuratissime
1030 1605 1334 1659 descripserim
1366 1605 1394 1646 l.
1427 1620 1458 1646 s.
1492 1620 1524 1647 s.
1555 1621 1595 1659 p.
1617 1606 1642 1646 9
1667 1604 1790 1659 [219]
1814 1619 1920 1659 sqq„

173 1685 388 1717 sum‘mam
431 1690 581 1718 eorum
615 1690 722 1731 quae
756 1675 844 1717 dixi
878 1691 1008 1731 quam
1041 1676 1294 1718 brevissime
1327 1679 1534 1731 repetam.
1594 1675 1819 1730 Scriptura
1852 1678 1919 1717 est

173 1747 555 1802 langobardica
596 1747 739 1789 octavi
783 1748 978 1789 exeuntis
1018 1748 1085 1790 vel
1126 1748 1229 1789 noni
1271 1748 1462 1789 ineuntis
1505 1748 1688 1802 saeculi3
1727 1747 1918 1789 eiusdem

172 1819 382 1873 temporis
422 1819 560 1860 altera
598 1832 750 1860 manus
791 1822 874 1872 est,
908 1818 1238 1873 quaemaiores
1272 1822 1315 1860 et
1347 1819 1536 1861 minores
1576 1819 1744 1873 aliquot
1784 1805 1918 1873 parti-

111 1924 114 1926 .
173 1889 290 1931 culas
312 1890 470 1932 codicis
498 1889 799 1932 charactere
827 1890 1153 1946 carolingico
1181 1891 1253 1946 qui
1281 1891 1439 1933 dicitur
1469 1890 1697 1946 supplevit.
1732 1891 1917 1933 Errores

171 1961 287 2003 haud
323 1975 485 2016 paucos
518 1976 570 2003 ex
608 1962 843 2016 exemplari
877 1962 1121 2004 emendavit
1161 1965 1380 2004 corrector
1412 1962 1734 2004 vetustissimus
1767 1961 1841 2019 (m.
1856 1961 1917 2018 2).

171 2031 297 2074 Aliae
324 2047 476 2075 manus
503 2033 766 2075 recentiores
793 2046 995 2087 perrarae
1023 2036 1136 2075 sunt.
1186 2033 1405 2089 Excerpta
1430 2048 1481 2075 ex
1507 2033 1590 2076 hoc
1615 2034 1727 2076 libro
1755 2035 1916 2088 partim

171 2101 564 2146 GVNDERMANNVS
596 2104 759 2159 partim
792 2118 872 2160 ego
906 2119 1017 2146 anno
1047 2105 1158 2147 1891
1194 2105 1538 2147 confeceramus:
1571 2120 1680 2161 quae
1713 2108 1916 2160 excerpta

171 2175 310 2218 denuo
352 2176 518 2218 contuli
556 2178 599 2217 et
641 2176 740 2217 a'uxi
780 2190 892 2218 anno
928 2176 1055 2218 1893.
1120 2175 1347 2231 Specimen
1385 2177 1625 2231 scripturae
1664 2177 1776 2219 libro
1819 2192 1914 2219 meo

171 2261 302 2301 supra
334 2249 670 2289 commemorato
704 2246 852 2288 adieci.

289 2317 467 2359 Praeter
507 2318 669 2360 librum
710 2317 744 2358 P
754 2317 1005 2360 arisinum
1046 2317 1210 2361 adscivi
1251 2319 1442 2361 codicem
1484 2319 1599 2361 Vati
1610 2334 1733 2362 cano
1747 2345 1760 2349 -
1770 2319 1916 2362 Pala-

169 2389 335 2430 tinum
364 2390 488 2443 1773,
517 2389 622 2430 011111
648 2388 1077 2444 1131110311311101130111,
1109 2391 1488 2433 membranaceum
1522 2391 1683 2433 saeculi
1708 2391 1759 2445 X,
1792 2391 1914 2433 cuius

168 2460 214 2501 in
233 2459 350 2502 foliis
371 2460 616 2502 221-34911
648 2460 759 2502 liber
786 2461 1032 2516 glossarum
1053 2461 1310 2503 continetur.
1358 2461 1514 2505 Codice
1540 2477 1654 2504 usus.
1670 2465 1736 2504 est
1761 2462 1912 2506 MAIVS

167 2531 212 2573 in
241 2531 376 2574 Class.
398 2531 524 2573 Auct.
557 2532 640 2574 vol.
662 2530 724 2574 VI
748 2535 792 2573 et
812 2522 910 2574 VII.
961 2532 1136 2574 Partem
1162 2533 1334 2575 litterae
1354 2533 1390 2575 B
1414 2533 1547 2575 edidit
1568 2534 1911 2576 WILMANivsivs

168 2602 278 2645 Mus.
312 2603 449 2645 Rhen.
488 2602 570 2645 vol.
592 2603 649 2644 24
679 2619 719 2658 p.
741 2604 826 2645 368
850 2618 942 2659 sqq.
1003 2603 1205 2646 Placidi
1252 2605 1421 2660 glossas
1466 2619 1517 2646 ex
1560 2605 1643 2647 hoc
1687 2606 1799 2647 libro
1845 2620 1912 2647 ex-

169 2674 329 2729 cerpsit
356 2673 631 2716 GVILELMvs
657 2673 840 2730 MEYER,
873 2675 993 2716 cuius
1021 2676 1304 2730 apographon
1335 2676 1443 2717 mihi
1469 2676 1689 2719 Lomvlvs
1723 2677 1911 2731 reliquit.

169 2744 252 2787 Sed
270 2758 377 2788 'cum
407 2746 522 2787 haud
548 2761 706 2801 paucas
735 2746 904 2802 glossas
932 2746 1152 2788 omisisset
1179 2746 1416 2801 MEYERVS,
1450 2762 1556 2801 quas
1582 2747 1784 2789 Placidi
1817 2763 1910 2791 esse

167 2817 276 2858 scire
316 2817 509 2858 nondum
549 2820 769 2873 potuerat,
809 2820 851 2859 et
891 2816 1252 2859 Placidearum
1293 2818 1587 2873 glossarum
1629 2819 1911 2875 apographon

167 2902 311 2929 meum
332 2888 490 2930 codicis
512 2888 740 2930 Parisini
768 2891 811 2930 et
831 2888 998 2943 reliqua
1019 2891 1222 2943 excerpta
1242 2889 1410 2931 IOANN1
1432 2889 1698 2931 TSCHIEDEL
1726 2889 1910 2932 Romam

166 2959 409 3014 transmisi,
448 2959 522 3014 qui
559 2975 654 3001 meo
693 2962 851 3015 rogatu
890 2962 933 3001 et
973 2959 1153 3001 consilio
1193 2959 1531 3014 discrepantiam
1572 2961 1731 3003 codicis
1773 2961 1910 3003 Vati—

166 3031 278 3083 cani
306 3030 475 3085 adiecit,
501 3030 574 3071 sed
593 3030 669 3084 ita7
695 3033 743 3071 ut
771 3029 959 3072 minores
987 3031 1197 3085 quasdam
1223 3029 1498 3073 diversitates
1530 3032 1649 3073 velut
1675 3047 1733 3086 ae,
1760 3047 1790 3087 e,
1820 3048 1840 3090 g?
1866 3036 1908 3074 et

167 3101 330 3143 similes
350 3101 602 3157 plerumque
623 3101 879 3143 excluderet.
897 3125 949 3130 —
971 3101 1039 3143 Ex
1058 3101 1127 3142 his
1148 3101 1284 3158 igitur
1304 3102 1471 3144 duobus
1497 3103 1622 3146 libris
1643 3106 1686 3145 et
1707 3103 1908 3146 Placidi
