2175 3428
252 123 334 164 182

250 234 432 275 Cometa
485 246 643 273 nomen
694 229 820 272 stelle
877 229 1107 271 masculini

310 303 480 360 generis
502 302 713 359 uergilius
734 316 812 344 nec
833 300 915 343 diri
942 301 1106 343 totiens

310 389 451 417 arsere
485 377 653 429 comete
1058 430 1066 438 ⁸

250 447 450 490 Cometes
478 447 607 490 stella
632 449 700 489 est
731 460 846 488 noxa
873 460 954 501 que
982 445 1106 500 quasi

309 533 479 561 comam
510 518 644 561 habet
675 518 720 560 in
753 517 874 561 cuius
908 519 1008 559 ortu
1038 532 1108 573 pe-

310 590 507 633 stilentia
539 589 679 633 oritur

251 661 475 705 Cometem
492 662 620 704 stella
634 661 863 704 fluminum
874 661 919 703 in
930 662 1108 704 modum

309 734 448 776 facule
471 735 577 776 dans
594 748 691 776 cum
713 732 964 789 apparuerit
984 733 1108 788 regni

310 806 597 849 mutationem
623 805 730 848 facit
754 805 934 848 lucanus
956 807 1000 847 et
1025 807 1109 846 ter-

310 878 369 919 ris
421 880 665 920 mutantem
709 891 844 934 regna
895 879 1107 919 cometem

311 952 353 992 et
385 950 595 1007 uergilius
628 965 707 993 nec
741 948 823 992 diri
855 949 1018 992 totiens
1046 964 1109 990 ar-

311 1036 404 1064 sere
439 1025 650 1065 cometem
1089 1068 1091 1070 ,

252 1093 522 1136 Comitemne
555 1094 699 1136 uirum
733 1093 846 1148 quod
881 1093 1084 1135 comitem

216 1179 232 1204 5
253 1163 513 1208 Commodat
540 1166 614 1221 qui
635 1165 910 1208 commendat
937 1167 1109 1206 mutuat

310 1251 413 1279 uero
448 1237 521 1292 qui
554 1240 807 1293 recepturus
841 1239 909 1279 est

252 1307 509 1351 Commodat
543 1309 763 1365 quidquod
796 1309 870 1351 dat
903 1309 987 1352 sibi
1020 1309 1110 1351 red-

311 1380 531 1423 dedissent

253 1452 506 1508 Comopolis
539 1453 823 1509 municipium
858 1467 984 1509 grece

252 1522 456 1580 Compita
487 1526 584 1568 loca
617 1525 756 1581 adque
789 1524 979 1580 undique
1013 1539 1109 1567 con-

311 1595 486 1638 uenitur

252 1668 457 1724 Compita
493 1668 570 1711 ubi
601 1669 748 1725 plures
788 1668 857 1711 uie
898 1668 944 1710 in
976 1683 1110 1710 unum

312 1740 554 1797 iunguntur

201 1830 232 1853 m
253 1811 440 1868 Compta
471 1813 579 1856 bene
613 1813 775 1855 uestita

255 1882 494 1927 Commune
555 1884 788 1927 inmundus
846 1884 1004 1927 dicitur
1061 1899 1110 1926 eo

313 1971 541 1999 commune

255 2026 586 2071 Communicare
617 2028 896 2084 coinquinare

256 2099 315 2142 Co
324 2100 655 2143 mmunicarium
687 2099 945 2155 partiarium

257 2169 558 2214 Communicat
592 2171 844 2227 coinquinat

203 2260 236 2283 ιε,
257 2242 375 2286 (30113
404 2243 571 2286 fructus
599 2243 792 2298 cypressi
820 2258 928 2285 cona
954 2242 1112 2285 dicitur

317 2329 365 2356 eo
400 2315 515 2369 quod
548 2329 704 2357 conum
735 2314 932 2357 imitetur

259 2386 498 2428 Conamina
530 2386 743 2428 librorum
775 2386 1030 2441 incipientia

259 2457 451 2500 Conatus
484 2458 545 2499 ibi
578 2457 788 2500 uirtutem
821 2473 980 2515 magna
1012 2459 1112 2502 dare

317 2529 551 2572 braccliam
584 2529 828 2584 amplexare

260 2599 522 2643 Concabisto
557 2601 804 2644 concludito

707 119 961 155 EXCERPTA
988 119 1052 153 EX
1078 117 1222 154 LIBRO
1251 118 1540 154 GLOSSARVM

1146 227 1358 271 Concadit
1388 227 1478 270 ruit

1146 299 1476 342 Concameratio
1508 300 1653 343 fornix
1685 301 1976 343 transuolutio
2022 311 2057 338 20

1147 370 1385 427 Concapito
1419 372 1637 428 concipito

1147 442 1384 499 Concapsit
1416 444 1777 500 conprehenderit

1147 513 1314 558 Concas
1330 518 1545 558 testarum
1563 519 1665 558 sunt
1680 531 1835 559 concas
1857 519 2003 559 autem

1207 590 1250 630 et
1283 602 1457 631 cancres
1490 588 1667 631 inimica
1698 589 1814 631 inter
1839 603 1884 631 se
1917 588 2003 631 ani-

1175 714 1180 718 .
1206 659 1337 702 1113113

1148 731 1394 775 Concentus
1418 732 1539 776 uocis
1560 736 1627 775 est
1649 736 1887 776 conuentus
1915 748 2003 777 cor-—

1205 803 1324 859 poris

1147 874 1381 919 Concessio
1427 879 1495 918 est
1539 891 1635 919 cum
1680 892 1778 919 reus
1822 892 1910 920 non
1959 877 2003 920 id
2024 887 2057 912 2⁵

1208 948 1321 1002 quod
1354 947 1519 990 factum
1546 951 1613 1009 est
1638 948 1830 991 defendit
1856 950 1929 991 sed
1956 953 2005 991 ut

1207 1019 1465 1076 ignuscatur
1483 1020 1681 1076 postulat
1709 1021 1824 1076 quod
1849 1035 1930 1063 nos
1952 1022 2004 1063 ad

1206 1091 1451 1146 penitentes
1477 1091 1761 1148 probabimus
1787 1092 2004 1148 pertinere

1207 1160 1434 1219 (Ambros.)

1149 1233 1449 1278 Concessitum
1512 1236 1626 1278 inter

1208 1307 1338 1349 turba
1369 1305 1530 1364 (Virffi)

1150 1378 1455 1423 Conciliabant
1502 1379 1759 1423 dissidentes
1807 1381 2004 1437 pacifica-

1207 1451 1316 1494 bant

1149 1523 1497 1566 Conciliabulum
1528 1524 1651 1567 locus
1682 1524 1727 1567 in
1760 1540 1845 1581 quo
1876 1525 2005 1568 multi

1206 1595 1405 1638 homines
1439 1596 1505 1638 sui
1538 1596 1644 1639 iuris
1678 1596 1828 1640 sedent

1149 1665 1423 1710 Concinnant
1455 1668 1689 1712 artificiose
1723 1672 1970 1725 conponant

1150 1738 1421 1783 Concinnum
1440 1740 1634 1786 breuiter
1655 1744 1891 1798 ornateque
1910 1756 2006 1784 con-
2026 1751 2060 1776 30

1208 1811 1404 1868 positum

1150 1884 1378 1940 Conciplet
1410 1883 1620 1939 corripiat

1149 1955 1346 1999 Concubi
1403 1956 1613 1999 accubare
1669 1956 1762 1999 siue
1819 1957 2006 2000 dormire

1209 2027 1393 2070 duorum
1424 2042 1656 2084 personam
1688 2028 1837 2084 posuit

1150 2098 1345 2142 Concubi
1378 2099 1508 2142 simul
1541 2100 1692 2142 cubari

1151 2170 1468 2214 Concubitatur
1500 2172 1726 2214 dubitatur

1152 2241 1475 2286 Concunctatur
1507 2244 1734 2286 dubitatur
2027 2255 2062 2281 ³5

1152 2313 1463 2358 Concunctatis
1496 2314 1717 2358 dubitabit

1153 2385 1476 2430 Condecibilem
1509 2401 1721 2443 congrum

1153 2457 1456 2501 Condecibiliis
1491 2458 1816 2501 conuenientius

1153 2529 1289 2573 Condi
1333 2531 1538 2586 poculum
1581 2531 1651 2573 uel
1690 2530 1858 2573 sciuum
1895 2530 2006 2573 unde

1210 2601 1378 2644 bibitur
1410 2602 1452 2644 id
1486 2605 1553 2644 est
1585 2616 1784 2644 caucum·
1812 2662 1815 2663 γ

1687 1235 2005 1279 considentium

356 2758 386 2790 1.
414 2765 531 2802 genus
554 2755 559 2800 1
587 2754 730 2790 tociens
753 2756 759 2800 Ι
787 2765 912 2790 assere
937 2766 982 2791 m.
998 2759 1031 2800 1,
1059 2766 1181 2791 arsere
1209 2759 1288 2792 m.3
1321 2758 1332 2802 ΙΙ
1364 2759 1396 2790 2.
1423 2755 1548 2801 quasi]
1577 2754 1659 2790 ausi
1684 2756 1696 2799 ΙΙ
1721 2759 1753 2791 3.
1780 2754 1972 2790 flaminam
2002 2755 2006 2799 Ι

260 2814 382 2849 facule
410 2814 540 2853 damas
564 2820 567 2858 j
597 2814 706 2849 terris
732 2815 914 2849 mutatem
937 2816 942 2858 Ι
970 2814 1112 2850 tociens
1144 2816 1156 2861 11
1187 2819 1219 2850 4.
1247 2814 1456 2851 Comitente
1489 2816 1500 2860 Η
1531 2818 1563 2850 6.
1591 2814 1656 2859 qui
1681 2813 1721 2849 id
1746 2814 1874 2860 quod}
1901 2814 2009 2850 reddi

261 2873 452 2909 desiderat
476 2876 488 2918 ΙΙ
514 2877 546 2909 8.
576 2876 689 2919 atque
711 2873 716 2920 Ι
740 2873 976 2918 conuenitui·;
1004 2885 1020 2909 s
1046 2876 1057 2919 ΙΙ
1085 2878 1137 2909 11.
1165 2874 1386 2909 inmundum
1409 2874 1413 2920 Ι
1436 2874 1496 2921 60]
1524 2875 1562 2909 et
1581 2876 1593 2919 ΙΙ
1620 2878 1674 2910 14.
1701 2885 1774 2919 quo
1800 2873 1974 2919 inquinat
1997 2874 2009 2920 ξΙ

264 2937 317 2968 16.
346 2932 547 2981 Conamine
568 2935 579 2978 ΙΙ
607 2937 661 2969 17.
688 2932 828 2968 uirtute
851 2935 856 2977 1
879 2932 1222 2979 amplexaretenere
1242 2935 1253 2979 ΙΙ
1283 2938 1337 2969 20.
1365 2933 1672 2970 Concamentatio
1695 2934 1700 2981 Ι
1723 2930 1972 2969 transuolatio
1997 2932 2009 2978 j?

264 2996 319 3026 23.
346 3003 500 3027 cancros
537 2994 548 3037 ΙΙ
586 2995 642 3028 25.
669 2991 939 3037 ignoscantur}
967 2992 1205 3039 paenitenti}
1233 2993 1434 3038 probamus
1463 2995 1468 3038 1
1496 2993 1579 3028 isid.
1607 2994 1682 3029 cod.
1721 2996 1732 3037 ΙΙ
1769 2995 1825 3028 26.
1852 2992 2006 3028 Conces-

265 3063 345 3086 sum
367 3051 371 3098 Ι
396 3051 500 3087 cicer.
528 3053 602 3087 cod.
630 3053 641 3095 11
673 3055 728 3087 27.
757 3051 1021 3088 Conciliabunt
1046 3054 1056 3097 ΙΙ
1086 3056 1140 3087 28.
1168 3052 1266 3088 iures
1299 3055 1310 3099 ΙΙ
1342 3057 1397 3088 29.
1426 3052 1634 3088 Concinnat
1663 3054 1674 3097 1}
1706 3056 1764 3088 30.
1790 3053 1972 3097 ornataque
1998 3052 2009 3093 f

265 3115 320 3145 33.
348 3111 484 3146 cubare
503 3112 515 3155 ΙΙ
535 3116 590 3147 38.
619 3110 868 3147 Condecibilis
888 3114 900 3156 ΙΙ
