<?xml version="1.0" encoding="UTF-8"?>
<!DOCTYPE html PUBLIC "-//W3C//DTD XHTML 1.0 Transitional//EN"
    "http://www.w3.org/TR/xhtml1/DTD/xhtml1-transitional.dtd">
<html xmlns="http://www.w3.org/1999/xhtml" xml:lang="en" lang="en">
 <head>
  <title>
</title>
<meta http-equiv="Content-Type" content="text/html;charset=utf-8" />
  <meta name='ocr-system' content='tesseract 3.04.00' />
  <meta name='ocr-capabilities' content='ocr_page ocr_carea ocr_par ocr_line ocrx_word'/>
</head>
<body>
  <div class='ocr_page' id='page_1' title='image "./corpusglossarior05linduoft/corpusglossarior05linduoft_0240.png"; bbox 0 0 2175 3428; ppageno 0'>
   <div class='ocr_carea' id='block_1_1' title="bbox 211 1268 243 1293">
    <p class='ocr_par' dir='ltr' id='par_1_1' title="bbox 211 1268 243 1293">
     <span class='ocr_line' id='line_1_1' title="bbox 211 1268 243 1293; baseline 0.031 -1"><span class='ocrx_word' id='word_1_1' title='bbox 211 1268 243 1293; x_wconf 89' lang='lat'>10</span> 
     </span>
    </p>
   </div>
   <div class='ocr_carea' id='block_1_2' title="bbox 212 1914 242 1938">
    <p class='ocr_par' dir='ltr' id='par_1_2' title="bbox 212 1914 242 1938">
     <span class='ocr_line' id='line_1_2' title="bbox 212 1914 242 1938; baseline 0 0"><span class='ocrx_word' id='word_1_2' title='bbox 212 1914 242 1938; x_wconf 79' lang='lat'>15</span> 
     </span>
    </p>
   </div>
   <div class='ocr_carea' id='block_1_3' title="bbox 259 147 342 188">
    <p class='ocr_par' dir='ltr' id='par_1_3' title="bbox 259 147 342 188">
     <span class='ocr_line' id='line_1_3' title="bbox 259 147 342 188; baseline 0.024 -2"><span class='ocrx_word' id='word_1_3' title='bbox 259 147 342 188; x_wconf 79' lang='lat'>198</span> 
     </span>
    </p>
   </div>
   <div class='ocr_carea' id='block_1_4' title="bbox 257 254 1120 2443">
    <p class='ocr_par' dir='ltr' id='par_1_4' title="bbox 317 254 1113 382">
     <span class='ocr_line' id='line_1_4' title="bbox 317 254 1113 311; baseline -0.001 -14"><span class='ocrx_word' id='word_1_4' title='bbox 317 254 525 311; x_wconf 77' lang='lat' dir='ltr'>tentem1)</span> <span class='ocrx_word' id='word_1_5' title='bbox 570 255 807 310; x_wconf 75' lang='lat' dir='ltr'>messapiei:</span> <span class='ocrx_word' id='word_1_6' title='bbox 851 254 1012 297; x_wconf 70' lang='lat' dir='ltr'>mustos</span> <span class='ocrx_word' id='word_1_7' title='bbox 1054 254 1113 297; x_wconf 84' lang='lat' dir='ltr'>fa-</span> 
     </span>
     <span class='ocr_line' id='line_1_5' title="bbox 317 327 797 382; baseline 0 -13"><span class='ocrx_word' id='word_1_8' title='bbox 317 327 429 369; x_wconf 89' lang='lat' dir='ltr'>leras</span> <span class='ocrx_word' id='word_1_9' title='bbox 464 327 567 368; x_wconf 90' lang='lat' dir='ltr'>sude</span> <span class='ocrx_word' id='word_1_10' title='bbox 600 329 797 382; x_wconf 73' lang='lat' dir='ltr'>receptas</span> 
     </span>
    </p>

    <p class='ocr_par' dir='ltr' id='par_1_5' title="bbox 257 397 1084 455">
     <span class='ocr_line' id='line_1_6' title="bbox 257 397 1084 455; baseline 0.001 -15"><span class='ocrx_word' id='word_1_11' title='bbox 257 398 485 440; x_wconf 71' lang='lat' dir='ltr'>Faleratus</span> <span class='ocrx_word' id='word_1_12' title='bbox 519 401 699 440; x_wconf 73' lang='lat' dir='ltr'>ornatus</span> <span class='ocrx_word' id='word_1_13' title='bbox 733 401 808 440; x_wconf 69' lang='lat' dir='ltr'>auh</span> <span class='ocrx_word' id='word_1_14' title='bbox 839 397 1042 455; x_wconf 64' lang='lat' dir='ltr'>pigtissius</span> <span class='ocrx_word' id='word_1_15' title='bbox 1076 421 1084 430; x_wconf 79' lang='lat'>=</span> 
     </span>
    </p>

    <p class='ocr_par' dir='ltr' id='par_1_6' title="bbox 258 469 876 513">
     <span class='ocr_line' id='line_1_7' title="bbox 258 469 876 513; baseline -0.002 -1"><span class='ocrx_word' id='word_1_16' title='bbox 258 469 472 512; x_wconf 75' lang='lat' dir='ltr'>Faleratis</span> <span class='ocrx_word' id='word_1_17' title='bbox 506 471 671 513; x_wconf 69' lang='lat' dir='ltr'>ornabis</span> <span class='ocrx_word' id='word_1_18' title='bbox 702 470 876 513; x_wconf 68' lang='lat' dir='ltr'>ficticiis</span> 
     </span>
    </p>

    <p class='ocr_par' dir='ltr' id='par_1_7' title="bbox 258 541 1118 669">
     <span class='ocr_line' id='line_1_8' title="bbox 258 541 1118 597; baseline 0.001 -14"><span class='ocrx_word' id='word_1_19' title='bbox 258 541 410 583; x_wconf 84' lang='lat' dir='ltr'>Falere</span> <span class='ocrx_word' id='word_1_20' title='bbox 439 545 694 584; x_wconf 78' lang='lat' dir='ltr'>ornamenta</span> <span class='ocrx_word' id='word_1_21' title='bbox 720 556 931 597; x_wconf 88' lang='lat' dir='ltr'>equorum</span> <span class='ocrx_word' id='word_1_22' title='bbox 951 545 1053 584; x_wconf 73' lang='lat' dir='ltr'>sunt</span> <span class='ocrx_word' id='word_1_23' title='bbox 1075 544 1118 584; x_wconf 72' lang='lat' dir='ltr'>eb</span> 
     </span>
     <span class='ocr_line' id='line_1_9' title="bbox 319 616 746 669; baseline 0 -14"><span class='ocrx_word' id='word_1_24' title='bbox 319 616 385 655; x_wconf 74' lang='lat' dir='ltr'>est</span> <span class='ocrx_word' id='word_1_25' title='bbox 418 628 558 656; x_wconf 90' lang='lat' dir='ltr'>sermo</span> <span class='ocrx_word' id='word_1_26' title='bbox 593 628 746 669; x_wconf 80' lang='lat' dir='ltr'>grecus</span> 
     </span>
    </p>

    <p class='ocr_par' dir='ltr' id='par_1_8' title="bbox 259 683 961 742">
     <span class='ocr_line' id='line_1_10' title="bbox 259 683 961 742; baseline 0 -16"><span class='ocrx_word' id='word_1_27' title='bbox 259 683 520 742; x_wconf 62' lang='lat' dir='ltr'>Fasssletra‘2)</span> <span class='ocrx_word' id='word_1_28' title='bbox 554 685 795 727; x_wconf 70' lang='lat' dir='ltr'>adolatoria</span> <span class='ocrx_word' id='word_1_29' title='bbox 827 685 961 727; x_wconf 88' lang='lat' dir='ltr'>uerba</span> 
     </span>
    </p>

    <p class='ocr_par' dir='ltr' id='par_1_9' title="bbox 260 754 1035 813">
     <span class='ocr_line' id='line_1_11' title="bbox 260 754 1035 813; baseline 0.001 -16"><span class='ocrx_word' id='word_1_30' title='bbox 260 755 501 811; x_wconf 72' lang='lat' dir='ltr'>Fasssletras</span> <span class='ocrx_word' id='word_1_31' title='bbox 511 754 546 813; x_wconf 79' lang='grc'>2&gt;</span> <span class='ocrx_word' id='word_1_32' title='bbox 579 757 822 799; x_wconf 75' lang='lat' dir='ltr'>adolatores</span> <span class='ocrx_word' id='word_1_33' title='bbox 832 754 866 812; x_wconf 83' lang='lat'>3)</span> <span class='ocrx_word' id='word_1_34' title='bbox 900 756 1035 798; x_wconf 90' lang='lat' dir='ltr'>uerba</span> 
     </span>
    </p>

    <p class='ocr_par' dir='ltr' id='par_1_10' title="bbox 260 827 1118 943">
     <span class='ocr_line' id='line_1_12' title="bbox 260 827 1118 883; baseline 0.001 -14"><span class='ocrx_word' id='word_1_35' title='bbox 260 827 444 870; x_wconf 82' lang='lat' dir='ltr'>Faliscis</span> <span class='ocrx_word' id='word_1_36' title='bbox 466 828 623 870; x_wconf 73' lang='lat' dir='ltr'>ciuitas</span> <span class='ocrx_word' id='word_1_37' title='bbox 649 828 770 870; x_wconf 76' lang='lat' dir='ltr'>italie</span> <span class='ocrx_word' id='word_1_38' title='bbox 799 827 1118 883; x_wconf 70' lang='lat' dir='ltr'>quaeopulenta</span> 
     </span>
     <span class='ocr_line' id='line_1_13' title="bbox 322 900 862 943; baseline -0.002 -1"><span class='ocrx_word' id='word_1_39' title='bbox 322 900 504 942; x_wconf 85' lang='lat' dir='ltr'>condam</span> <span class='ocrx_word' id='word_1_40' title='bbox 536 900 670 943; x_wconf 88' lang='lat' dir='ltr'>fuisse</span> <span class='ocrx_word' id='word_1_41' title='bbox 703 900 862 942; x_wconf 69' lang='lat' dir='ltr'>dicitur</span> 
     </span>
    </p>

    <p class='ocr_par' dir='ltr' id='par_1_11' title="bbox 261 971 979 1028">
     <span class='ocr_line' id='line_1_14' title="bbox 261 971 979 1028; baseline 0 -15"><span class='ocrx_word' id='word_1_42' title='bbox 261 971 440 1014; x_wconf 71' lang='lat' dir='ltr'>Falsaba</span> <span class='ocrx_word' id='word_1_43' title='bbox 472 972 742 1014; x_wconf 70' lang='lat' dir='ltr'><strong>falsitatibus</strong></span> <span class='ocrx_word' id='word_1_44' title='bbox 776 974 979 1028; x_wconf 72' lang='lat' dir='ltr'>corrupta</span> 
     </span>
    </p>

    <p class='ocr_par' dir='ltr' id='par_1_12' title="bbox 262 1043 1008 1170">
     <span class='ocr_line' id='line_1_15' title="bbox 262 1043 1008 1086; baseline 0 -1"><span class='ocrx_word' id='word_1_45' title='bbox 262 1043 494 1085; x_wconf 87' lang='lat' dir='ltr'>Falsosum</span> <span class='ocrx_word' id='word_1_46' title='bbox 539 1043 884 1086; x_wconf 75' lang='lat' dir='ltr'>circumuentum</span> <span class='ocrx_word' id='word_1_47' title='bbox 932 1046 1008 1086; x_wconf 72' lang='lat' dir='ltr'>aut</span> 
     </span>
     <span class='ocr_line' id='line_1_16' title="bbox 321 1118 495 1170; baseline 0 -13"><span class='ocrx_word' id='word_1_48' title='bbox 321 1118 495 1170; x_wconf 69' lang='lat' dir='ltr'>ceptum</span> 
     </span>
    </p>

    <p class='ocr_par' dir='ltr' id='par_1_13' title="bbox 262 1186 742 1242">
     <span class='ocr_line' id='line_1_17' title="bbox 262 1186 742 1242; baseline 0 -14"><span class='ocrx_word' id='word_1_49' title='bbox 262 1186 505 1229; x_wconf 86' lang='lat' dir='ltr'>Famelicus</span> <span class='ocrx_word' id='word_1_50' title='bbox 538 1187 742 1242; x_wconf 82' lang='lat' dir='ltr'>indignus</span> 
     </span>
    </p>

    <p class='ocr_par' dir='ltr' id='par_1_14' title="bbox 263 1257 961 1301">
     <span class='ocr_line' id='line_1_18' title="bbox 263 1257 961 1301; baseline 0.001 -2"><span class='ocrx_word' id='word_1_51' title='bbox 263 1258 505 1301; x_wconf 88' lang='lat' dir='ltr'>Famelicus</span> <span class='ocrx_word' id='word_1_52' title='bbox 539 1258 758 1300; x_wconf 87' lang='lat' dir='ltr'>aesuriens</span> <span class='ocrx_word' id='word_1_53' title='bbox 790 1257 961 1300; x_wconf 89' lang='lat' dir='ltr'>ieiunus</span> 
     </span>
    </p>

    <p class='ocr_par' dir='ltr' id='par_1_15' title="bbox 262 1329 1117 1458">
     <span class='ocr_line' id='line_1_19' title="bbox 262 1329 1117 1386; baseline 0 -14"><span class='ocrx_word' id='word_1_54' title='bbox 262 1330 396 1372; x_wconf 86' lang='lat' dir='ltr'>Fame</span> <span class='ocrx_word' id='word_1_55' title='bbox 429 1330 604 1386; x_wconf 83' lang='lat' dir='ltr'>gerulus</span> <span class='ocrx_word' id='word_1_56' title='bbox 632 1330 793 1372; x_wconf 85' lang='lat' dir='ltr'>famam</span> <span class='ocrx_word' id='word_1_57' title='bbox 824 1329 1030 1372; x_wconf 77' lang='lat' dir='ltr'>nuntians</span> <span class='ocrx_word' id='word_1_58' title='bbox 1059 1330 1117 1372; x_wconf 89' lang='lat' dir='ltr'>sic</span> 
     </span>
     <span class='ocr_line' id='line_1_20' title="bbox 322 1401 1052 1458; baseline 0.001 -15"><span class='ocrx_word' id='word_1_59' title='bbox 322 1402 436 1444; x_wconf 89' lang='lat' dir='ltr'>enim</span> <span class='ocrx_word' id='word_1_60' title='bbox 469 1401 651 1444; x_wconf 82' lang='lat' dir='ltr'>dicimus</span> <span class='ocrx_word' id='word_1_61' title='bbox 685 1405 729 1444; x_wconf 72' lang='lat' dir='ltr'>eb</span> <span class='ocrx_word' id='word_1_62' title='bbox 761 1402 1052 1458; x_wconf 84' lang='lat' dir='ltr'>rumigerulus</span> 
     </span>
    </p>

    <p class='ocr_par' dir='ltr' id='par_1_16' title="bbox 262 1472 683 1515">
     <span class='ocr_line' id='line_1_21' title="bbox 262 1472 683 1515; baseline 0.002 -1"><span class='ocrx_word' id='word_1_63' title='bbox 262 1472 488 1515; x_wconf 88' lang='lat' dir='ltr'>Familiari</span> <span class='ocrx_word' id='word_1_64' title='bbox 520 1473 683 1515; x_wconf 84' lang='lat' dir='ltr'>seruire</span> 
     </span>
    </p>

    <p class='ocr_par' dir='ltr' id='par_1_17' title="bbox 262 1543 1118 1745">
     <span class='ocr_line' id='line_1_22' title="bbox 262 1543 1118 1601; baseline 0.001 -15"><span class='ocrx_word' id='word_1_65' title='bbox 262 1543 449 1586; x_wconf 83' lang='lat' dir='ltr'>Familia</span> <span class='ocrx_word' id='word_1_66' title='bbox 487 1545 662 1601; x_wconf 80' lang='lat' dir='ltr'>gerulus</span> <span class='ocrx_word' id='word_1_67' title='bbox 706 1544 867 1587; x_wconf 86' lang='lat' dir='ltr'>famem</span> <span class='ocrx_word' id='word_1_68' title='bbox 910 1545 1118 1587; x_wconf 70' lang='lat' dir='ltr'>nuntians</span> 
     </span>
     <span class='ocr_line' id='line_1_23' title="bbox 322 1616 1117 1673; baseline 0 -15"><span class='ocrx_word' id='word_1_69' title='bbox 322 1616 436 1658; x_wconf 86' lang='lat' dir='ltr'>fame</span> <span class='ocrx_word' id='word_1_70' title='bbox 481 1617 656 1673; x_wconf 82' lang='lat' dir='ltr'>gerulus</span> <span class='ocrx_word' id='word_1_71' title='bbox 701 1631 803 1658; x_wconf 91' lang='lat' dir='ltr'>uero</span> <span class='ocrx_word' id='word_1_72' title='bbox 844 1617 918 1671; x_wconf 88' lang='lat' dir='ltr'>qui</span> <span class='ocrx_word' id='word_1_73' title='bbox 955 1616 1117 1659; x_wconf 84' lang='lat' dir='ltr'>famam</span> 
     </span>
     <span class='ocr_line' id='line_1_24' title="bbox 321 1687 538 1745; baseline 0 -15"><span class='ocrx_word' id='word_1_74' title='bbox 321 1687 538 1745; x_wconf 55' lang='lat' dir='ltr'>nuntiaffl)</span> 
     </span>
    </p>

    <p class='ocr_par' dir='ltr' id='par_1_18' title="bbox 262 1759 1118 1874">
     <span class='ocr_line' id='line_1_25' title="bbox 262 1759 1118 1816; baseline 0.002 -15"><span class='ocrx_word' id='word_1_75' title='bbox 262 1759 497 1801; x_wconf 86' lang='lat' dir='ltr'>Famosum</span> <span class='ocrx_word' id='word_1_76' title='bbox 530 1763 597 1802; x_wconf 71' lang='lat' dir='ltr'>est</span> <span class='ocrx_word' id='word_1_77' title='bbox 629 1760 678 1802; x_wconf 91' lang='lat' dir='ltr'>de</span> <span class='ocrx_word' id='word_1_78' title='bbox 713 1775 798 1815; x_wconf 92' lang='lat' dir='ltr'>quo</span> <span class='ocrx_word' id='word_1_79' title='bbox 831 1760 948 1803; x_wconf 87' lang='lat' dir='ltr'>fama</span> <span class='ocrx_word' id='word_1_80' title='bbox 980 1761 1118 1816; x_wconf 91' lang='lat' dir='ltr'>loqui-</span> 
     </span>
     <span class='ocr_line' id='line_1_26' title="bbox 322 1832 871 1874; baseline 0.005 -3"><span class='ocrx_word' id='word_1_81' title='bbox 322 1834 394 1872; x_wconf 71' lang='lat' dir='ltr'>tur</span> <span class='ocrx_word' id='word_1_82' title='bbox 426 1845 502 1873; x_wconf 88' lang='lat' dir='ltr'>seu</span> <span class='ocrx_word' id='word_1_83' title='bbox 535 1832 643 1874; x_wconf 85' lang='lat' dir='ltr'>bene</span> <span class='ocrx_word' id='word_1_84' title='bbox 677 1832 871 1874; x_wconf 84' lang='lat' dir='ltr'>seumkle</span> 
     </span>
    </p>

    <p class='ocr_par' dir='ltr' id='par_1_19' title="bbox 263 1902 690 1945">
     <span class='ocr_line' id='line_1_27' title="bbox 263 1902 690 1945; baseline 0.005 -2"><span class='ocrx_word' id='word_1_85' title='bbox 263 1902 492 1944; x_wconf 88' lang='lat' dir='ltr'>Famulare</span> <span class='ocrx_word' id='word_1_86' title='bbox 528 1903 690 1945; x_wconf 88' lang='lat' dir='ltr'>seruire</span> 
     </span>
    </p>

    <p class='ocr_par' dir='ltr' id='par_1_20' title="bbox 263 1973 1029 2017">
     <span class='ocr_line' id='line_1_28' title="bbox 263 1973 1029 2017; baseline 0.003 -2"><span class='ocrx_word' id='word_1_87' title='bbox 263 1973 296 2015; x_wconf 85' lang='lat' dir='ltr'>F</span> <span class='ocrx_word' id='word_1_88' title='bbox 302 1974 493 2016; x_wconf 85' lang='lat' dir='ltr'>amulare</span> <span class='ocrx_word' id='word_1_89' title='bbox 528 1974 820 2017; x_wconf 84' lang='lat' dir='ltr'>obsecundare</span> <span class='ocrx_word' id='word_1_90' title='bbox 854 1975 1029 2017; x_wconf 87' lang='lat' dir='ltr'>obedire</span> 
     </span>
    </p>

    <p class='ocr_par' dir='ltr' id='par_1_21' title="bbox 263 2045 1120 2161">
     <span class='ocr_line' id='line_1_29' title="bbox 263 2045 1120 2089; baseline 0.002 -2"><span class='ocrx_word' id='word_1_91' title='bbox 263 2045 472 2087; x_wconf 86' lang='lat' dir='ltr'>Famulus</span> <span class='ocrx_word' id='word_1_92' title='bbox 505 2049 572 2088; x_wconf 74' lang='lat' dir='ltr'>est</span> <span class='ocrx_word' id='word_1_93' title='bbox 603 2061 715 2088; x_wconf 88' lang='lat' dir='ltr'>unus</span> <span class='ocrx_word' id='word_1_94' title='bbox 749 2061 800 2088; x_wconf 87' lang='lat' dir='ltr'>ex</span> <span class='ocrx_word' id='word_1_95' title='bbox 832 2046 1000 2089; x_wconf 84' lang='lat' dir='ltr'>familia</span> <span class='ocrx_word' id='word_1_96' title='bbox 1032 2062 1120 2089; x_wconf 89' lang='lat' dir='ltr'>ser-</span> 
     </span>
     <span class='ocr_line' id='line_1_30' title="bbox 322 2117 1120 2161; baseline 0.003 -3"><span class='ocrx_word' id='word_1_97' title='bbox 322 2131 403 2159; x_wconf 89' lang='lat' dir='ltr'>uus</span> <span class='ocrx_word' id='word_1_98' title='bbox 430 2132 532 2159; x_wconf 86' lang='lat' dir='ltr'>uero</span> <span class='ocrx_word' id='word_1_99' title='bbox 555 2132 605 2159; x_wconf 84' lang='lat' dir='ltr'>ex</span> <span class='ocrx_word' id='word_1_100' title='bbox 627 2117 874 2159; x_wconf 72' lang='lat' dir='ltr'>conditione</span> <span class='ocrx_word' id='word_1_101' title='bbox 895 2118 1120 2161; x_wconf 73' lang='lat' dir='ltr'>seruitutis</span> 
     </span>
    </p>

    <p class='ocr_par' dir='ltr' id='par_1_22' title="bbox 265 2188 880 2230">
     <span class='ocr_line' id='line_1_31' title="bbox 265 2188 880 2230; baseline 0 0"><span class='ocrx_word' id='word_1_102' title='bbox 265 2188 296 2229; x_wconf 90' lang='lat' dir='ltr'>F</span> <span class='ocrx_word' id='word_1_103' title='bbox 301 2189 549 2230; x_wconf 89' lang='lat' dir='ltr'>amulumne</span> <span class='ocrx_word' id='word_1_104' title='bbox 583 2204 637 2230; x_wconf 89' lang='lat' dir='ltr'>an</span> <span class='ocrx_word' id='word_1_105' title='bbox 668 2188 880 2230; x_wconf 87' lang='lat' dir='ltr'>famulum</span> 
     </span>
    </p>

    <p class='ocr_par' dir='ltr' id='par_1_23' title="bbox 264 2259 1120 2443">
     <span class='ocr_line' id='line_1_32' title="bbox 264 2259 1120 2315; baseline 0.002 -15"><span class='ocrx_word' id='word_1_106' title='bbox 264 2259 463 2301; x_wconf 76' lang='lat' dir='ltr'>Fanatici</span> <span class='ocrx_word' id='word_1_107' title='bbox 496 2259 686 2301; x_wconf 72' lang='lat' dir='ltr'>ministri</span> <span class='ocrx_word' id='word_1_108' title='bbox 719 2260 982 2315; x_wconf 71' lang='lat' dir='ltr'>templorum</span> <span class='ocrx_word' id='word_1_109' title='bbox 1016 2261 1120 2304; x_wconf 77' lang='lat' dir='ltr'>dicti</span> 
     </span>
     <span class='ocr_line' id='line_1_33' title="bbox 324 2331 1119 2385; baseline 0.003 -13"><span class='ocrx_word' id='word_1_110' title='bbox 324 2345 373 2372; x_wconf 92' lang='lat' dir='ltr'>eo</span> <span class='ocrx_word' id='word_1_111' title='bbox 407 2331 522 2385; x_wconf 91' lang='lat' dir='ltr'>quod</span> <span class='ocrx_word' id='word_1_112' title='bbox 553 2331 701 2373; x_wconf 71' lang='lat' dir='ltr'>futura</span> <span class='ocrx_word' id='word_1_113' title='bbox 731 2332 944 2374; x_wconf 71' lang='lat' dir='ltr'>canebant</span> <span class='ocrx_word' id='word_1_114' title='bbox 976 2332 1066 2374; x_wconf 87' lang='lat' dir='ltr'>siue</span> <span class='ocrx_word' id='word_1_115' title='bbox 1095 2348 1119 2374; x_wconf 90' lang='lat' dir='ltr'>a</span> 
     </span>
     <span class='ocr_line' id='line_1_34' title="bbox 324 2402 454 2443; baseline 0 0"><span class='ocrx_word' id='word_1_116' title='bbox 324 2402 454 2443; x_wconf 85' lang='lat' dir='ltr'>fauno</span> 
     </span>
    </p>
   </div>
   <div class='ocr_carea' id='block_1_5' title="bbox 1052 1044 1118 1085">
    <p class='ocr_par' dir='ltr' id='par_1_24' title="bbox 1052 1044 1118 1085">
     <span class='ocr_line' id='line_1_35' title="bbox 1052 1044 1118 1085; baseline 0 0"><span class='ocrx_word' id='word_1_117' title='bbox 1052 1044 1118 1085; x_wconf 89' lang='lat' dir='ltr'>de-</span> 
     </span>
    </p>
   </div>
   <div class='ocr_carea' id='block_1_6' title="bbox 265 2487 450 2491">
    <p class='ocr_par' dir='ltr' id='par_1_25' title="bbox 265 2487 450 2491">
     <span class='ocr_line' id='line_1_36' title="bbox 265 2487 450 2491; baseline 0 0"><span class='ocrx_word' id='word_1_118' title='bbox 265 2487 450 2491; x_wconf 95' lang='lat' dir='ltr'> </span> 
     </span>
    </p>
   </div>
   <div class='ocr_carea' id='block_1_7' title="bbox 713 144 1548 182">
    <p class='ocr_par' dir='ltr' id='par_1_26' title="bbox 713 144 1548 182">
     <span class='ocr_line' id='line_1_37' title="bbox 713 144 1548 182; baseline 0 -2"><span class='ocrx_word' id='word_1_119' title='bbox 713 144 969 180; x_wconf 82' lang='lat' dir='ltr'><strong>EXCERPTA</strong></span> <span class='ocrx_word' id='word_1_120' title='bbox 995 145 1060 180; x_wconf 89' lang='lat' dir='ltr'>EX</span> <span class='ocrx_word' id='word_1_121' title='bbox 1084 144 1230 182; x_wconf 89' lang='lat' dir='ltr'>LlBRO</span> <span class='ocrx_word' id='word_1_122' title='bbox 1259 144 1548 181; x_wconf 79' lang='lat' dir='ltr'><strong>GLOSSARVM</strong></span> 
     </span>
    </p>
   </div>
   <div class='ocr_carea' id='block_1_8' title="bbox 1151 254 2064 512">
    <p class='ocr_par' dir='ltr' id='par_1_27' title="bbox 1151 254 2064 369">
     <span class='ocr_line' id='line_1_38' title="bbox 1151 254 2064 310; baseline 0.001 -13"><span class='ocrx_word' id='word_1_123' title='bbox 1151 255 1185 297; x_wconf 88' lang='lat' dir='ltr'>F</span> <span class='ocrx_word' id='word_1_124' title='bbox 1191 255 1353 298; x_wconf 72' lang='lat' dir='ltr'>anatici</span> <span class='ocrx_word' id='word_1_125' title='bbox 1386 255 1461 310; x_wconf 89' lang='lat' dir='ltr'>qui</span> <span class='ocrx_word' id='word_1_126' title='bbox 1493 254 1641 297; x_wconf 73' lang='lat' dir='ltr'>futura</span> <span class='ocrx_word' id='word_1_127' title='bbox 1667 257 1828 298; x_wconf 70' lang='lat' dir='ltr'>canunt</span> <span class='ocrx_word' id='word_1_128' title='bbox 1853 255 1958 298; x_wconf 73' lang='lat' dir='ltr'>dicti</span> <span class='ocrx_word' id='word_1_129' title='bbox 1984 271 2009 298; x_wconf 92' lang='lat' dir='ltr'>a</span> <span class='ocrx_word' id='word_1_130' title='bbox 2030 266 2064 292; x_wconf 86' lang='lat'>20</span> 
     </span>
     <span class='ocr_line' id='line_1_39' title="bbox 1211 326 1343 369; baseline 0.008 -1"><span class='ocrx_word' id='word_1_131' title='bbox 1211 326 1343 369; x_wconf 85' lang='lat' dir='ltr'>fauno</span> 
     </span>
    </p>

    <p class='ocr_par' dir='ltr' id='par_1_28' title="bbox 1153 398 2012 512">
     <span class='ocr_line' id='line_1_40' title="bbox 1153 398 2012 455; baseline 0 -15"><span class='ocrx_word' id='word_1_132' title='bbox 1153 398 1293 441; x_wconf 87' lang='lat' dir='ltr'>Fandi</span> <span class='ocrx_word' id='word_1_133' title='bbox 1333 398 1468 455; x_wconf 72' lang='lat' dir='ltr'>figtor</span> <span class='ocrx_word' id='word_1_134' title='bbox 1509 398 1650 440; x_wconf 90' lang='lat' dir='ltr'>dolosi</span> <span class='ocrx_word' id='word_1_135' title='bbox 1693 398 1905 441; x_wconf 90' lang='lat' dir='ltr'>sermonis</span> <span class='ocrx_word' id='word_1_136' title='bbox 1949 398 2012 441; x_wconf 87' lang='lat' dir='ltr'>in-</span> 
     </span>
     <span class='ocr_line' id='line_1_41' title="bbox 1213 472 1371 512; baseline 0.006 -1"><span class='ocrx_word' id='word_1_137' title='bbox 1213 472 1371 512; x_wconf 73' lang='lat' dir='ltr'>uentor</span> 
     </span>
    </p>
   </div>
   <div class='ocr_carea' id='block_1_9' title="bbox 1144 540 2012 597">
    <p class='ocr_par' dir='ltr' id='par_1_29' title="bbox 1144 540 2012 597">
     <span class='ocr_line' id='line_1_42' title="bbox 1144 540 2012 597; baseline -0.001 -13"><span class='ocrx_word' id='word_1_138' title='bbox 1144 542 1363 584; x_wconf 54' lang='lat' dir='ltr'>‘Fantasia</span> <span class='ocrx_word' id='word_1_139' title='bbox 1401 542 1467 583; x_wconf 74' lang='lat' dir='ltr'>est</span> <span class='ocrx_word' id='word_1_140' title='bbox 1504 540 1827 597; x_wconf 70' lang='lat' dir='ltr'>incognitarum</span> <span class='ocrx_word' id='word_1_141' title='bbox 1866 556 2012 584; x_wconf 88' lang='lat' dir='ltr'>rerum</span> 
     </span>
    </p>
   </div>
   <div class='ocr_carea' id='block_1_10' title="bbox 1216 612 1774 670">
    <p class='ocr_par' dir='ltr' id='par_1_30' title="bbox 1216 612 1774 670">
     <span class='ocr_line' id='line_1_43' title="bbox 1216 612 1774 670; baseline -0.002 -14"><span class='ocrx_word' id='word_1_142' title='bbox 1216 629 1266 656; x_wconf 82' lang='lat' dir='ltr'>ex</span> <span class='ocrx_word' id='word_1_143' title='bbox 1300 613 1488 670; x_wconf 70' lang='lat' dir='ltr'>cognitis</span> <span class='ocrx_word' id='word_1_144' title='bbox 1522 612 1774 655; x_wconf 75' lang='lat' dir='ltr'>coniectura</span> 
     </span>
    </p>
   </div>
   <div class='ocr_carea' id='block_1_11' title="bbox 1090 683 2012 742">
    <p class='ocr_par' dir='ltr' id='par_1_31' title="bbox 1090 683 2012 742">
     <span class='ocr_line' id='line_1_44' title="bbox 1090 683 2012 742; baseline -0.001 -14"><span class='ocrx_word' id='word_1_145' title='bbox 1090 729 1099 738; x_wconf 66' lang='grc'><strong><em>,</em></strong></span> <span class='ocrx_word' id='word_1_146' title='bbox 1155 685 1353 728; x_wconf 89' lang='lat' dir='ltr'>Faonum</span> <span class='ocrx_word' id='word_1_147' title='bbox 1399 685 1524 728; x_wconf 87' lang='lat' dir='ltr'>deum</span> <span class='ocrx_word' id='word_1_148' title='bbox 1571 684 1816 727; x_wconf 69' lang='lat' dir='ltr'>siluestrem</span> <span class='ocrx_word' id='word_1_149' title='bbox 1860 683 2012 742; x_wconf 71' lang='lat' dir='ltr'>aput5)</span> 
     </span>
    </p>
   </div>
   <div class='ocr_carea' id='block_1_12' title="bbox 1156 754 2069 2459">
    <p class='ocr_par' dir='ltr' id='par_1_32' title="bbox 1215 754 1744 813">
     <span class='ocr_line' id='line_1_45' title="bbox 1215 754 1744 813; baseline -0.002 -14"><span class='ocrx_word' id='word_1_150' title='bbox 1215 754 1444 813; x_wconf 56' lang='lat' dir='ltr'>paganisss)</span> <span class='ocrx_word' id='word_1_151' title='bbox 1477 755 1744 812; x_wconf 60' lang='lat' dir='ltr'>dicebassuffl)</span> 
     </span>
    </p>

    <p class='ocr_par' dir='ltr' id='par_1_33' title="bbox 1157 827 1667 885">
     <span class='ocr_line' id='line_1_46' title="bbox 1157 827 1667 885; baseline -0.004 -14"><span class='ocrx_word' id='word_1_152' title='bbox 1157 827 1415 885; x_wconf 64' lang='lat' dir='ltr'>Faonicusss)</span> <span class='ocrx_word' id='word_1_153' title='bbox 1450 827 1667 870; x_wconf 75' lang='lat' dir='ltr'>siluestris</span> 
     </span>
    </p>

    <p class='ocr_par' dir='ltr' id='par_1_34' title="bbox 1156 900 2067 1015">
     <span class='ocr_line' id='line_1_47' title="bbox 1156 900 2067 957; baseline 0 -14"><span class='ocrx_word' id='word_1_154' title='bbox 1156 901 1351 957; x_wconf 82' lang='lat' dir='ltr'>Farrago</span> <span class='ocrx_word' id='word_1_155' title='bbox 1401 900 1550 956; x_wconf 82' lang='lat' dir='ltr'>fruges</span> <span class='ocrx_word' id='word_1_156' title='bbox 1595 900 1734 943; x_wconf 88' lang='lat' dir='ltr'>adhuc</span> <span class='ocrx_word' id='word_1_157' title='bbox 1784 900 1829 943; x_wconf 90' lang='lat' dir='ltr'>in</span> <span class='ocrx_word' id='word_1_158' title='bbox 1878 900 2012 956; x_wconf 67' lang='lat' dir='ltr'>herbe</span> <span class='ocrx_word' id='word_1_159' title='bbox 2033 910 2067 936; x_wconf 79' lang='lat'>25</span> 
     </span>
     <span class='ocr_line' id='line_1_48' title="bbox 1217 972 1360 1015; baseline -0.007 0"><span class='ocrx_word' id='word_1_160' title='bbox 1217 972 1360 1015; x_wconf 87' lang='lat' dir='ltr'>colore</span> 
     </span>
    </p>

    <p class='ocr_par' dir='ltr' id='par_1_35' title="bbox 1157 1043 2015 1230">
     <span class='ocr_line' id='line_1_49' title="bbox 1157 1043 2013 1098; baseline 0 -12"><span class='ocrx_word' id='word_1_161' title='bbox 1157 1043 1423 1098; x_wconf 69' lang='lat' dir='ltr'>Farathonie</span> <span class='ocrx_word' id='word_1_162' title='bbox 1445 1044 1573 1086; x_wconf 75' lang='lat' dir='ltr'>sirtes</span> <span class='ocrx_word' id='word_1_163' title='bbox 1595 1046 1717 1085; x_wconf 71' lang='lat' dir='ltr'>extra</span> <span class='ocrx_word' id='word_1_164' title='bbox 1734 1043 1890 1086; x_wconf 86' lang='lat' dir='ltr'>libicas</span> <span class='ocrx_word' id='word_1_165' title='bbox 1905 1044 2013 1087; x_wconf 88' lang='lat' dir='ltr'>alias</span> 
     </span>
     <span class='ocr_line' id='line_1_50' title="bbox 1218 1114 2015 1158; baseline 0.001 -2"><span class='ocrx_word' id='word_1_166' title='bbox 1218 1129 1310 1157; x_wconf 85' lang='lat' dir='ltr'>esse</span> <span class='ocrx_word' id='word_1_167' title='bbox 1343 1114 1405 1156; x_wconf 73' lang='lat' dir='ltr'>aih</span> <span class='ocrx_word' id='word_1_168' title='bbox 1445 1115 1626 1157; x_wconf 88' lang='lat' dir='ltr'>lucanus</span> <span class='ocrx_word' id='word_1_169' title='bbox 1661 1114 1790 1157; x_wconf 75' lang='lat' dir='ltr'>sirbes</span> <span class='ocrx_word' id='word_1_170' title='bbox 1828 1130 1933 1158; x_wconf 89' lang='lat' dir='ltr'>uero</span> <span class='ocrx_word' id='word_1_171' title='bbox 1968 1115 2015 1157; x_wconf 84' lang='lat' dir='ltr'>li-</span> 
     </span>
     <span class='ocr_line' id='line_1_51' title="bbox 1215 1186 1914 1230; baseline -0.001 -1"><span class='ocrx_word' id='word_1_172' title='bbox 1215 1187 1310 1229; x_wconf 85' lang='lat' dir='ltr'>bice</span> <span class='ocrx_word' id='word_1_173' title='bbox 1345 1188 1495 1229; x_wconf 74' lang='lat' dir='ltr'>austro</span> <span class='ocrx_word' id='word_1_174' title='bbox 1527 1186 1661 1228; x_wconf 78' lang='lat' dir='ltr'>flante</span> <span class='ocrx_word' id='word_1_175' title='bbox 1694 1186 1914 1230; x_wconf 70' lang='lat' dir='ltr'>siccantur</span> 
     </span>
    </p>

    <p class='ocr_par' dir='ltr' id='par_1_36' title="bbox 1159 1257 1973 1301">
     <span class='ocr_line' id='line_1_52' title="bbox 1159 1257 1973 1301; baseline -0.001 0"><span class='ocrx_word' id='word_1_176' title='bbox 1159 1258 1312 1301; x_wconf 86' lang='lat' dir='ltr'>Farias</span> <span class='ocrx_word' id='word_1_177' title='bbox 1346 1272 1495 1301; x_wconf 84' lang='lat' dir='ltr'>carnes</span> <span class='ocrx_word' id='word_1_178' title='bbox 1528 1257 1773 1300; x_wconf 81' lang='lat' dir='ltr'>faraonicas</span> <span class='ocrx_word' id='word_1_179' title='bbox 1806 1258 1973 1301; x_wconf 72' lang='lat' dir='ltr'>scilicet</span> 
     </span>
    </p>

    <p class='ocr_par' dir='ltr' id='par_1_37' title="bbox 1157 1327 2015 1459">
     <span class='ocr_line' id='line_1_53' title="bbox 1157 1327 2015 1386; baseline -0.001 -13"><span class='ocrx_word' id='word_1_180' title='bbox 1157 1330 1355 1373; x_wconf 74' lang='lat' dir='ltr'>Farmati</span> <span class='ocrx_word' id='word_1_181' title='bbox 1364 1327 1398 1386; x_wconf 70' lang='grc'>9)</span> <span class='ocrx_word' id='word_1_182' title='bbox 1420 1329 1728 1386; x_wconf 73' lang='lat' dir='ltr'>aegyptiorum</span> <span class='ocrx_word' id='word_1_183' title='bbox 1741 1329 1893 1386; x_wconf 80' lang='lat' dir='ltr'>lingua</span> <span class='ocrx_word' id='word_1_184' title='bbox 1906 1345 2015 1372; x_wconf 88' lang='lat' dir='ltr'>mar-</span> 
     </span>
     <span class='ocr_line' id='line_1_54' title="bbox 1218 1399 1988 1459; baseline 0 -15"><span class='ocrx_word' id='word_1_185' title='bbox 1218 1402 1305 1444; x_wconf 73' lang='lat' dir='ltr'>tius</span> <span class='ocrx_word' id='word_1_186' title='bbox 1340 1400 1570 1456; x_wconf 67' lang='lat' dir='ltr'>mensesm)</span> <span class='ocrx_word' id='word_1_187' title='bbox 1604 1401 1763 1444; x_wconf 75' lang='lat' dir='ltr'>dicitur</span> <span class='ocrx_word' id='word_1_188' title='bbox 1796 1399 1988 1459; x_wconf 76' lang='lat' dir='ltr'>(Galeni)</span> 
     </span>
    </p>

    <p class='ocr_par' dir='ltr' id='par_1_38' title="bbox 1158 1473 1555 1528">
     <span class='ocr_line' id='line_1_55' title="bbox 1158 1473 1555 1528; baseline -0.005 -12"><span class='ocrx_word' id='word_1_189' title='bbox 1158 1474 1293 1516; x_wconf 73' lang='lat' dir='ltr'>Farbu</span> <span class='ocrx_word' id='word_1_190' title='bbox 1325 1473 1555 1528; x_wconf 74' lang='lat' dir='ltr'>impletum</span> 
     </span>
    </p>

    <p class='ocr_par' dir='ltr' id='par_1_39' title="bbox 1156 1543 2068 1660">
     <span class='ocr_line' id='line_1_56' title="bbox 1156 1543 2068 1600; baseline -0.001 -12"><span class='ocrx_word' id='word_1_191' title='bbox 1156 1546 1190 1588; x_wconf 89' lang='lat' dir='ltr'>F</span> <span class='ocrx_word' id='word_1_192' title='bbox 1193 1548 1312 1589; x_wconf 74' lang='lat' dir='ltr'>ascet</span> <span class='ocrx_word' id='word_1_193' title='bbox 1342 1545 1530 1587; x_wconf 85' lang='lat' dir='ltr'>honores</span> <span class='ocrx_word' id='word_1_194' title='bbox 1569 1543 1661 1586; x_wconf 88' lang='lat' dir='ltr'>siue</span> <span class='ocrx_word' id='word_1_195' title='bbox 1694 1544 1885 1600; x_wconf 67' lang='lat' dir='ltr'>dignstas</span> <span class='ocrx_word' id='word_1_196' title='bbox 1918 1559 2015 1587; x_wconf 85' lang='lat' dir='ltr'>con·</span> <span class='ocrx_word' id='word_1_197' title='bbox 2034 1556 2068 1581; x_wconf 80' lang='lat'>30</span> 
     </span>
     <span class='ocr_line' id='line_1_57' title="bbox 1217 1617 1379 1660; baseline -0.012 0"><span class='ocrx_word' id='word_1_198' title='bbox 1217 1617 1379 1660; x_wconf 90' lang='lat' dir='ltr'>sularia</span> 
     </span>
    </p>

    <p class='ocr_par' dir='ltr' id='par_1_40' title="bbox 1157 1687 2015 1873">
     <span class='ocr_line' id='line_1_58' title="bbox 1157 1687 2014 1732; baseline -0.002 -1"><span class='ocrx_word' id='word_1_199' title='bbox 1157 1689 1315 1732; x_wconf 87' lang='lat' dir='ltr'>Fasces</span> <span class='ocrx_word' id='word_1_200' title='bbox 1346 1688 1535 1730; x_wconf 88' lang='lat' dir='ltr'>honores</span> <span class='ocrx_word' id='word_1_201' title='bbox 1569 1688 1796 1730; x_wconf 82' lang='lat' dir='ltr'>consulum</span> <span class='ocrx_word' id='word_1_202' title='bbox 1834 1687 2014 1730; x_wconf 87' lang='lat' dir='ltr'>lucanus</span> 
     </span>
     <span class='ocr_line' id='line_1_59' title="bbox 1216 1757 2015 1816; baseline -0.001 -14"><span class='ocrx_word' id='word_1_203' title='bbox 1216 1760 1298 1802; x_wconf 73' lang='lat' dir='ltr'>tuli</span> <span class='ocrx_word' id='word_1_204' title='bbox 1330 1759 1470 1802; x_wconf 90' lang='lat' dir='ltr'>fascer</span> <span class='ocrx_word' id='word_1_205' title='bbox 1483 1757 1534 1816; x_wconf 88' lang='grc'>11)</span> <span class='ocrx_word' id='word_1_206' title='bbox 1565 1759 1610 1801; x_wconf 88' lang='lat' dir='ltr'>id</span> <span class='ocrx_word' id='word_1_207' title='bbox 1642 1762 1710 1803; x_wconf 73' lang='lat' dir='ltr'>est</span> <span class='ocrx_word' id='word_1_208' title='bbox 1741 1759 1887 1815; x_wconf 87' lang='lat' dir='ltr'>accepi</span> <span class='ocrx_word' id='word_1_209' title='bbox 1918 1773 2015 1802; x_wconf 84' lang='lat' dir='ltr'>con-</span> 
     </span>
     <span class='ocr_line' id='line_1_60' title="bbox 1217 1830 1407 1873; baseline -0.005 0"><span class='ocrx_word' id='word_1_210' title='bbox 1217 1830 1407 1873; x_wconf 69' lang='lat' dir='ltr'>sulatum</span> 
     </span>
    </p>

    <p class='ocr_par' dir='ltr' id='par_1_41' title="bbox 1156 1902 1554 1959">
     <span class='ocr_line' id='line_1_61' title="bbox 1156 1902 1554 1959; baseline 0 -14"><span class='ocrx_word' id='word_1_211' title='bbox 1156 1902 1364 1945; x_wconf 75' lang='lat' dir='ltr'>Faseinat</span> <span class='ocrx_word' id='word_1_212' title='bbox 1395 1906 1554 1959; x_wconf 63' lang='lat' dir='ltr'>grauata</span> 
     </span>
    </p>

    <p class='ocr_par' dir='ltr' id='par_1_42' title="bbox 1159 1974 2015 2101">
     <span class='ocr_line' id='line_1_62' title="bbox 1159 1974 2015 2029; baseline 0 -13"><span class='ocrx_word' id='word_1_213' title='bbox 1159 1974 1365 2017; x_wconf 72' lang='lat' dir='ltr'>Fascinat</span> <span class='ocrx_word' id='word_1_214' title='bbox 1428 1974 1641 2017; x_wconf 87' lang='lat' dir='ltr'>adolando</span> <span class='ocrx_word' id='word_1_215' title='bbox 1697 1974 1872 2029; x_wconf 71' lang='lat' dir='ltr'>impetit</span> <span class='ocrx_word' id='word_1_216' title='bbox 1926 1974 2015 2016; x_wconf 89' lang='lat' dir='ltr'>lau-</span> 
     </span>
     <span class='ocr_line' id='line_1_63' title="bbox 1218 2045 1552 2101; baseline 0.003 -14"><span class='ocrx_word' id='word_1_217' title='bbox 1218 2046 1358 2088; x_wconf 88' lang='lat' dir='ltr'>dando</span> <span class='ocrx_word' id='word_1_218' title='bbox 1391 2045 1552 2101; x_wconf 68' lang='lat' dir='ltr'>decipiiz</span> 
     </span>
    </p>

    <p class='ocr_par' dir='ltr' id='par_1_43' title="bbox 1159 2116 1549 2159">
     <span class='ocr_line' id='line_1_64' title="bbox 1159 2116 1549 2159; baseline 0 0"><span class='ocrx_word' id='word_1_219' title='bbox 1159 2117 1310 2159; x_wconf 87' lang='lat' dir='ltr'>Fasele</span> <span class='ocrx_word' id='word_1_220' title='bbox 1344 2116 1549 2159; x_wconf 86' lang='lat' dir='ltr'>nauicula</span> 
     </span>
    </p>

    <p class='ocr_par' dir='ltr' id='par_1_44' title="bbox 1158 2188 2069 2302">
     <span class='ocr_line' id='line_1_65' title="bbox 1158 2188 2069 2244; baseline 0 -13"><span class='ocrx_word' id='word_1_221' title='bbox 1158 2189 1282 2231; x_wconf 76' lang='lat' dir='ltr'>Fasti</span> <span class='ocrx_word' id='word_1_222' title='bbox 1332 2188 1434 2230; x_wconf 88' lang='lat' dir='ltr'>libri</span> <span class='ocrx_word' id='word_1_223' title='bbox 1479 2203 1586 2244; x_wconf 89' lang='lat' dir='ltr'>quos</span> <span class='ocrx_word' id='word_1_224' title='bbox 1636 2188 1833 2230; x_wconf 87' lang='lat' dir='ltr'>consules</span> <span class='ocrx_word' id='word_1_225' title='bbox 1883 2189 2013 2231; x_wconf 87' lang='lat' dir='ltr'>habe-</span> <span class='ocrx_word' id='word_1_226' title='bbox 2034 2200 2069 2226; x_wconf 80' lang='lat'>35</span> 
     </span>
     <span class='ocr_line' id='line_1_66' title="bbox 1218 2260 1323 2302; baseline 0 0"><span class='ocrx_word' id='word_1_227' title='bbox 1218 2260 1323 2302; x_wconf 73' lang='lat' dir='ltr'>bani:</span> 
     </span>
    </p>

    <p class='ocr_par' dir='ltr' id='par_1_45' title="bbox 1158 2331 2013 2459">
     <span class='ocr_line' id='line_1_67' title="bbox 1158 2331 2013 2387; baseline 0.001 -14"><span class='ocrx_word' id='word_1_228' title='bbox 1158 2331 1357 2386; x_wconf 73' lang='lat' dir='ltr'>Fastigia</span> <span class='ocrx_word' id='word_1_229' title='bbox 1385 2346 1554 2374; x_wconf 86' lang='lat' dir='ltr'>summa</span> <span class='ocrx_word' id='word_1_230' title='bbox 1585 2332 1766 2387; x_wconf 76' lang='lat' dir='ltr'>parietis</span> <span class='ocrx_word' id='word_1_231' title='bbox 1794 2332 2013 2375; x_wconf 79' lang='lat' dir='ltr'>edificat-io</span> 
     </span>
     <span class='ocr_line' id='line_1_68' title="bbox 1218 2403 2002 2459; baseline 0.001 -14"><span class='ocrx_word' id='word_1_232' title='bbox 1218 2404 1323 2445; x_wconf 89' lang='lat' dir='ltr'>alibi</span> <span class='ocrx_word' id='word_1_233' title='bbox 1356 2418 1522 2445; x_wconf 86' lang='lat' dir='ltr'>summe</span> <span class='ocrx_word' id='word_1_234' title='bbox 1553 2406 1700 2459; x_wconf 71' lang='lat' dir='ltr'>partes</span> <span class='ocrx_word' id='word_1_235' title='bbox 1733 2403 2002 2446; x_wconf 87' lang='lat' dir='ltr'>edificiorum</span> 
     </span>
    </p>
   </div>
   <div class='ocr_carea' id='block_1_13' title="bbox 264 2531 2014 2698">
    <p class='ocr_par' dir='ltr' id='par_1_46' title="bbox 264 2531 2014 2698">
     <span class='ocr_line' id='line_1_69' title="bbox 360 2531 2014 2578; baseline 0.002 -13"><span class='ocrx_word' id='word_1_236' title='bbox 360 2532 394 2575; x_wconf 82' lang='lat'>1)</span> <span class='ocrx_word' id='word_1_237' title='bbox 420 2532 495 2565; x_wconf 77' lang='lat' dir='ltr'>tem</span> <span class='ocrx_word' id='word_1_238' title='bbox 515 2543 586 2576; x_wconf 77' lang='lat' dir='ltr'>pro</span> <span class='ocrx_word' id='word_1_239' title='bbox 612 2533 669 2566; x_wconf 73' lang='lat' dir='ltr'>ter</span> <span class='ocrx_word' id='word_1_240' title='bbox 693 2543 785 2567; x_wconf 84' lang='lat' dir='ltr'>corr.</span> <span class='ocrx_word' id='word_1_241' title='bbox 806 2533 818 2577; x_wconf 80' lang='grc' dir='ltr'>ΙΙ</span> <span class='ocrx_word' id='word_1_242' title='bbox 843 2534 878 2577; x_wconf 77' lang='grc'>2)</span> <span class='ocrx_word' id='word_1_243' title='bbox 905 2544 983 2567; x_wconf 76' lang='lat' dir='ltr'>wrm</span> <span class='ocrx_word' id='word_1_244' title='bbox 1008 2532 1020 2566; x_wconf 98' lang='grc'>1</span> <span class='ocrx_word' id='word_1_245' title='bbox 1047 2544 1137 2569; x_wconf 79' lang='lat' dir='ltr'>eras.</span> <span class='ocrx_word' id='word_1_246' title='bbox 1165 2534 1176 2578; x_wconf 79' lang='grc' dir='ltr'>ΙΙ</span> <span class='ocrx_word' id='word_1_247' title='bbox 1202 2533 1237 2577; x_wconf 89' lang='grc'>3)</span> <span class='ocrx_word' id='word_1_248' title='bbox 1264 2543 1282 2566; x_wconf 84' lang='lat' dir='ltr'>c</span> <span class='ocrx_word' id='word_1_249' title='bbox 1309 2533 1350 2567; x_wconf 75' lang='lat' dir='ltr'>in</span> <span class='ocrx_word' id='word_1_250' title='bbox 1375 2531 1389 2566; x_wconf 92' lang='lat' dir='ltr'>i</span> <span class='ocrx_word' id='word_1_251' title='bbox 1415 2543 1506 2568; x_wconf 76' lang='lat' dir='ltr'>corr.</span> <span class='ocrx_word' id='word_1_252' title='bbox 1532 2536 1618 2569; x_wconf 77' lang='lat' dir='ltr'>m.2</span> <span class='ocrx_word' id='word_1_253' title='bbox 1645 2534 1657 2577; x_wconf 87' lang='grc' dir='ltr'>ΙΙ</span> <span class='ocrx_word' id='word_1_254' title='bbox 1684 2533 1721 2578; x_wconf 83' lang='grc'>4)</span> <span class='ocrx_word' id='word_1_255' title='bbox 1747 2534 1789 2568; x_wconf 77' lang='lat' dir='ltr'>in</span> <span class='ocrx_word' id='word_1_256' title='bbox 1812 2533 1885 2578; x_wconf 72' lang='lat' dir='ltr'>fine</span> <span class='ocrx_word' id='word_1_257' title='bbox 1910 2543 2014 2568; x_wconf 88' lang='lat' dir='ltr'>seum</span> 
     </span>
     <span class='ocr_line' id='line_1_70' title="bbox 264 2589 2013 2638; baseline 0.003 -14"><span class='ocrx_word' id='word_1_258' title='bbox 264 2589 325 2625; x_wconf 86' lang='lat' dir='ltr'>kle</span> <span class='ocrx_word' id='word_1_259' title='bbox 351 2591 419 2626; x_wconf 81' lang='lat' dir='ltr'>del.</span> <span class='ocrx_word' id='word_1_260' title='bbox 446 2595 531 2627; x_wconf 75' lang='lat' dir='ltr'>m.;2</span> <span class='ocrx_word' id='word_1_261' title='bbox 563 2594 575 2635; x_wconf 79' lang='lat' dir='ltr'>ss</span> <span class='ocrx_word' id='word_1_262' title='bbox 613 2592 648 2635; x_wconf 84' lang='grc'>5)</span> <span class='ocrx_word' id='word_1_263' title='bbox 676 2592 692 2625; x_wconf 77' lang='lat' dir='ltr'><strong>t</strong></span> <span class='ocrx_word' id='word_1_264' title='bbox 718 2593 758 2626; x_wconf 69' lang='lat' dir='ltr'>in</span> <span class='ocrx_word' id='word_1_265' title='bbox 784 2591 808 2625; x_wconf 88' lang='lat' dir='ltr'>d</span> <span class='ocrx_word' id='word_1_266' title='bbox 834 2602 924 2627; x_wconf 72' lang='lat' dir='ltr'>corr.</span> <span class='ocrx_word' id='word_1_267' title='bbox 952 2604 995 2627; x_wconf 78' lang='lat' dir='ltr'>m.</span> <span class='ocrx_word' id='word_1_268' title='bbox 1014 2597 1031 2626; x_wconf 78' lang='lat'><em>1</em></span> <span class='ocrx_word' id='word_1_269' title='bbox 1071 2594 1082 2636; x_wconf 80' lang='grc' dir='ltr'>ΙΙ</span> <span class='ocrx_word' id='word_1_270' title='bbox 1121 2593 1155 2637; x_wconf 89' lang='grc'>6)</span> <span class='ocrx_word' id='word_1_271' title='bbox 1181 2591 1193 2626; x_wconf 89' lang='lat' dir='ltr'>i</span> <span class='ocrx_word' id='word_1_272' title='bbox 1222 2593 1261 2627; x_wconf 76' lang='lat' dir='ltr'>in</span> <span class='ocrx_word' id='word_1_273' title='bbox 1287 2603 1306 2626; x_wconf 95' lang='lat' dir='ltr'>o</span> <span class='ocrx_word' id='word_1_274' title='bbox 1334 2602 1424 2627; x_wconf 76' lang='lat' dir='ltr'>corr.</span> <span class='ocrx_word' id='word_1_275' title='bbox 1451 2595 1536 2628; x_wconf 73' lang='lat' dir='ltr'>m.2</span> <span class='ocrx_word' id='word_1_276' title='bbox 1565 2592 1577 2636; x_wconf 90' lang='grc' dir='ltr'>ΙΙ</span> <span class='ocrx_word' id='word_1_277' title='bbox 1617 2592 1650 2637; x_wconf 84' lang='grc'>7)</span> <span class='ocrx_word' id='word_1_278' title='bbox 1682 2603 1708 2626; x_wconf 89' lang='grc'>11</span> <span class='ocrx_word' id='word_1_279' title='bbox 1728 2596 1814 2638; x_wconf 75' lang='lat' dir='ltr'>post</span> <span class='ocrx_word' id='word_1_280' title='bbox 1837 2603 1861 2628; x_wconf 84' lang='lat' dir='ltr'>a</span> <span class='ocrx_word' id='word_1_281' title='bbox 1885 2604 1976 2629; x_wconf 82' lang='lat' dir='ltr'>eras.</span> <span class='ocrx_word' id='word_1_282' title='bbox 2011 2594 2013 2605; x_wconf 87' lang='lat'><strong>¹</strong></span> 
     </span>
     <span class='ocr_line' id='line_1_71' title="bbox 265 2650 2014 2698; baseline 0.002 -15"><span class='ocrx_word' id='word_1_283' title='bbox 265 2651 299 2695; x_wconf 73' lang='grc'>8)</span> <span class='ocrx_word' id='word_1_284' title='bbox 320 2655 403 2695; x_wconf 71' lang='lat' dir='ltr'>post</span> <span class='ocrx_word' id='word_1_285' title='bbox 430 2661 452 2685; x_wconf 88' lang='lat' dir='ltr'>a</span> <span class='ocrx_word' id='word_1_286' title='bbox 478 2662 556 2686; x_wconf 79' lang='lat' dir='ltr'>wna</span> <span class='ocrx_word' id='word_1_287' title='bbox 582 2651 650 2686; x_wconf 68' lang='lat' dir='ltr'>litt.</span> <span class='ocrx_word' id='word_1_288' title='bbox 678 2662 768 2686; x_wconf 75' lang='lat' dir='ltr'>eras.</span> <span class='ocrx_word' id='word_1_289' title='bbox 795 2652 806 2694; x_wconf 84' lang='grc' dir='ltr'>ΙΙ</span> <span class='ocrx_word' id='word_1_290' title='bbox 832 2651 867 2696; x_wconf 85' lang='grc'>9)</span> <span class='ocrx_word' id='word_1_291' title='bbox 894 2652 933 2686; x_wconf 74' lang='lat' dir='ltr'>in</span> <span class='ocrx_word' id='word_1_292' title='bbox 961 2663 1030 2687; x_wconf 80' lang='lat' dir='ltr'>ras.</span> <span class='ocrx_word' id='word_1_293' title='bbox 1057 2663 1082 2686; x_wconf 86' lang='lat' dir='ltr'>a</span> <span class='ocrx_word' id='word_1_294' title='bbox 1106 2663 1150 2687; x_wconf 81' lang='lat' dir='ltr'>m.</span> <span class='ocrx_word' id='word_1_295' title='bbox 1167 2656 1191 2687; x_wconf 75' lang='lat'><em>2</em></span> <span class='ocrx_word' id='word_1_296' title='bbox 1218 2653 1229 2695; x_wconf 78' lang='grc' dir='ltr'>Η</span> <span class='ocrx_word' id='word_1_297' title='bbox 1257 2652 1314 2695; x_wconf 90' lang='grc'>10)</span> <span class='ocrx_word' id='word_1_298' title='bbox 1341 2662 1360 2685; x_wconf 88' lang='grc'>6</span> <span class='ocrx_word' id='word_1_299' title='bbox 1383 2655 1467 2696; x_wconf 72' lang='lat' dir='ltr'>post</span> <span class='ocrx_word' id='word_1_300' title='bbox 1493 2662 1508 2685; x_wconf 88' lang='lat' dir='ltr'>s</span> <span class='ocrx_word' id='word_1_301' title='bbox 1535 2652 1577 2686; x_wconf 76' lang='lat' dir='ltr'>in</span> <span class='ocrx_word' id='word_1_302' title='bbox 1601 2650 1615 2685; x_wconf 92' lang='lat' dir='ltr'>i</span> <span class='ocrx_word' id='word_1_303' title='bbox 1640 2663 1732 2687; x_wconf 76' lang='lat' dir='ltr'>corr.</span> <span class='ocrx_word' id='word_1_304' title='bbox 1758 2656 1844 2688; x_wconf 74' lang='lat' dir='ltr'>m.2</span> <span class='ocrx_word' id='word_1_305' title='bbox 1869 2653 1882 2696; x_wconf 75' lang='lat' dir='ltr'>ss</span> <span class='ocrx_word' id='word_1_306' title='bbox 1911 2653 1971 2698; x_wconf 90' lang='lat'>11)</span> <span class='ocrx_word' id='word_1_307' title='bbox 1996 2664 2014 2687; x_wconf 87' lang='lat' dir='ltr'>r</span> 
     </span>
    </p>
   </div>
   <div class='ocr_carea' id='block_1_14' title="bbox 266 2710 617 2755">
    <p class='ocr_par' dir='ltr' id='par_1_47' title="bbox 266 2710 617 2755">
     <span class='ocr_line' id='line_1_72' title="bbox 266 2710 617 2755; baseline 0.009 -13"><span class='ocrx_word' id='word_1_308' title='bbox 266 2710 304 2743; x_wconf 77' lang='lat' dir='ltr'>in</span> <span class='ocrx_word' id='word_1_309' title='bbox 332 2721 347 2743; x_wconf 87' lang='lat' dir='ltr'>s</span> <span class='ocrx_word' id='word_1_310' title='bbox 374 2721 464 2745; x_wconf 78' lang='lat' dir='ltr'>corr.</span> <span class='ocrx_word' id='word_1_311' title='bbox 492 2712 576 2745; x_wconf 79' lang='lat' dir='ltr'>m.2</span> <span class='ocrx_word' id='word_1_312' title='bbox 604 2711 617 2755; x_wconf 87' lang='grc' dir='ltr'>ΙΙ</span> 
     </span>
    </p>
   </div>
   <div class='ocr_carea' id='block_1_15' title="bbox 266 2784 429 2787">
    <p class='ocr_par' dir='ltr' id='par_1_48' title="bbox 266 2784 429 2787">
     <span class='ocr_line' id='line_1_73' title="bbox 266 2784 429 2787; baseline 0 0"><span class='ocrx_word' id='word_1_313' title='bbox 266 2784 429 2787; x_wconf 95' lang='lat' dir='ltr'> </span> 
     </span>
    </p>
   </div>
   <div class='ocr_carea' id='block_1_16' title="bbox 265 2827 2014 3113">
    <p class='ocr_par' dir='ltr' id='par_1_49' title="bbox 265 2827 2014 3113">
     <span class='ocr_line' id='line_1_74' title="bbox 265 2827 2012 2876; baseline 0.003 -15"><span class='ocrx_word' id='word_1_314' title='bbox 265 2827 355 2862; x_wconf 86' lang='lat' dir='ltr'>sude</span> <span class='ocrx_word' id='word_1_315' title='bbox 382 2840 424 2863; x_wconf 83' lang='lat' dir='ltr'>m.</span> <span class='ocrx_word' id='word_1_316' title='bbox 440 2832 473 2872; x_wconf 83' lang='lat'>1,</span> <span class='ocrx_word' id='word_1_317' title='bbox 501 2828 634 2864; x_wconf 87' lang='lat' dir='ltr'>sudore</span> <span class='ocrx_word' id='word_1_318' title='bbox 660 2841 704 2864; x_wconf 84' lang='lat' dir='ltr'>m.</span> <span class='ocrx_word' id='word_1_319' title='bbox 720 2833 741 2864; x_wconf 77' lang='grc'><strong><em>4</em></strong></span> <span class='ocrx_word' id='word_1_320' title='bbox 760 2831 772 2873; x_wconf 81' lang='grc'>11</span> <span class='ocrx_word' id='word_1_321' title='bbox 793 2833 823 2865; x_wconf 92' lang='grc'>1.</span> <span class='ocrx_word' id='word_1_322' title='bbox 850 2828 1030 2876; x_wconf 74' lang='lat' dir='ltr'>pigticius</span> <span class='ocrx_word' id='word_1_323' title='bbox 1049 2830 1062 2874; x_wconf 83' lang='grc' dir='ltr'>ΙΙ</span> <span class='ocrx_word' id='word_1_324' title='bbox 1088 2832 1117 2864; x_wconf 85' lang='lat'>5.</span> <span class='ocrx_word' id='word_1_325' title='bbox 1146 2829 1355 2864; x_wconf 76' lang='lat' dir='ltr'>adulatoris</span> <span class='ocrx_word' id='word_1_326' title='bbox 1382 2840 1426 2865; x_wconf 67' lang='lat' dir='ltr'>ea:</span> <span class='ocrx_word' id='word_1_327' title='bbox 1453 2828 1661 2864; x_wconf 71' lang='lat' dir='ltr'>adolatoris</span> <span class='ocrx_word' id='word_1_328' title='bbox 1687 2841 1779 2866; x_wconf 76' lang='lat' dir='ltr'>corr.</span> <span class='ocrx_word' id='word_1_329' title='bbox 1800 2831 1812 2875; x_wconf 92' lang='grc' dir='ltr'>ΙΙ</span> <span class='ocrx_word' id='word_1_330' title='bbox 1838 2833 1869 2866; x_wconf 88' lang='grc'>6.</span> <span class='ocrx_word' id='word_1_331' title='bbox 1896 2841 2012 2875; x_wconf 87' lang='lat' dir='ltr'>quon-</span> 
     </span>
     <span class='ocr_line' id='line_1_75' title="bbox 266 2887 2014 2944; baseline 0.003 -24"><span class='ocrx_word' id='word_1_332' title='bbox 266 2887 352 2921; x_wconf 79' lang='lat' dir='ltr'>dam</span> <span class='ocrx_word' id='word_1_333' title='bbox 378 2899 422 2923; x_wconf 63' lang='lat' dir='ltr'>est:</span> <span class='ocrx_word' id='word_1_334' title='bbox 449 2887 608 2923; x_wconf 79' lang='lat' dir='ltr'>condam</span> <span class='ocrx_word' id='word_1_335' title='bbox 634 2900 724 2924; x_wconf 71' lang='lat' dir='ltr'>corr.</span> <span class='ocrx_word' id='word_1_336' title='bbox 745 2890 757 2933; x_wconf 82' lang='grc' dir='ltr'>ΙΙ</span> <span class='ocrx_word' id='word_1_337' title='bbox 778 2892 808 2924; x_wconf 86' lang='grc'>9.</span> <span class='ocrx_word' id='word_1_338' title='bbox 836 2888 1044 2924; x_wconf 84' lang='lat' dir='ltr'>Famelicos</span> <span class='ocrx_word' id='word_1_339' title='bbox 1068 2893 1073 2931; x_wconf 83' lang='grc' dir='ltr'>Ι</span> <span class='ocrx_word' id='word_1_340' title='bbox 1095 2888 1271 2935; x_wconf 85' lang='lat' dir='ltr'>indignos</span> <span class='ocrx_word' id='word_1_341' title='bbox 1292 2891 1303 2934; x_wconf 78' lang='grc'>11</span> <span class='ocrx_word' id='word_1_342' title='bbox 1325 2892 1378 2924; x_wconf 89' lang='grc'>10.</span> <span class='ocrx_word' id='word_1_343' title='bbox 1407 2888 1598 2923; x_wconf 81' lang='lat' dir='ltr'>aesuriens</span> <span class='ocrx_word' id='word_1_344' title='bbox 1619 2900 1663 2925; x_wconf 82' lang='lat' dir='ltr'>ex</span> <span class='ocrx_word' id='word_1_345' title='bbox 1689 2888 1860 2925; x_wconf 86' lang='lat' dir='ltr'>aesurien</span> <span class='ocrx_word' id='word_1_346' title='bbox 1885 2901 1977 2926; x_wconf 77' lang='lat' dir='ltr'>corr.</span> <span class='ocrx_word' id='word_1_347' title='bbox 2001 2899 2014 2944; x_wconf 32' lang='grc' dir='ltr'>ἐξ</span> 
     </span>
     <span class='ocr_line' id='line_1_76' title="bbox 267 2946 2011 2995; baseline 0.003 -16"><span class='ocrx_word' id='word_1_348' title='bbox 267 2950 320 2980; x_wconf 87' lang='lat'>11.</span> <span class='ocrx_word' id='word_1_349' title='bbox 348 2946 450 2981; x_wconf 87' lang='lat' dir='ltr'>fama</span> <span class='ocrx_word' id='word_1_350' title='bbox 478 2949 489 2992; x_wconf 79' lang='grc' dir='ltr'>Ι]</span> <span class='ocrx_word' id='word_1_351' title='bbox 523 2951 576 2982; x_wconf 78' lang='lat'>14.</span> <span class='ocrx_word' id='word_1_352' title='bbox 605 2958 669 2982; x_wconf 86' lang='lat' dir='ltr'>seu</span> <span class='ocrx_word' id='word_1_353' title='bbox 696 2947 794 2983; x_wconf 88' lang='lat' dir='ltr'>male</span> <span class='ocrx_word' id='word_1_354' title='bbox 823 2951 834 2993; x_wconf 87' lang='grc' dir='ltr'>ΙΙ</span> <span class='ocrx_word' id='word_1_355' title='bbox 868 2952 922 2984; x_wconf 86' lang='grc'>17.</span> <span class='ocrx_word' id='word_1_356' title='bbox 950 2947 1167 2984; x_wconf 85' lang='lat' dir='ltr'>condicione</span> <span class='ocrx_word' id='word_1_357' title='bbox 1193 2950 1204 2994; x_wconf 77' lang='grc' dir='ltr'>ΙΙ</span> <span class='ocrx_word' id='word_1_358' title='bbox 1236 2952 1291 2983; x_wconf 72' lang='lat'>22.</span> <span class='ocrx_word' id='word_1_359' title='bbox 1318 2947 1595 2994; x_wconf 72' lang='lat' dir='ltr'>incognitorum</span> <span class='ocrx_word' id='word_1_360' title='bbox 1619 2950 1631 2994; x_wconf 82' lang='grc' dir='ltr'>ΙΙ</span> <span class='ocrx_word' id='word_1_361' title='bbox 1662 2951 1718 2984; x_wconf 82' lang='grc'>23.</span> <span class='ocrx_word' id='word_1_362' title='bbox 1746 2949 1846 2994; x_wconf 88' lang='lat' dir='ltr'>apud</span> <span class='ocrx_word' id='word_1_363' title='bbox 1869 2950 1874 2994; x_wconf 87' lang='grc' dir='ltr'>Ι</span> <span class='ocrx_word' id='word_1_364' title='bbox 1895 2960 2011 2995; x_wconf 82' lang='lat' dir='ltr'>paga-</span> 
     </span>
     <span class='ocr_line' id='line_1_77' title="bbox 265 3006 2011 3053; baseline 0.003 -15"><span class='ocrx_word' id='word_1_365' title='bbox 265 3015 331 3038; x_wconf 86' lang='lat' dir='ltr'>nos</span> <span class='ocrx_word' id='word_1_366' title='bbox 352 3007 363 3049; x_wconf 70' lang='grc' dir='ltr'>ΙΙ</span> <span class='ocrx_word' id='word_1_367' title='bbox 389 3009 444 3041; x_wconf 85' lang='lat'>24.</span> <span class='ocrx_word' id='word_1_368' title='bbox 472 3006 634 3042; x_wconf 86' lang='lat' dir='ltr'>Faonius</span> <span class='ocrx_word' id='word_1_369' title='bbox 653 3009 665 3052; x_wconf 78' lang='grc' dir='ltr'>ΙΙ</span> <span class='ocrx_word' id='word_1_370' title='bbox 691 3011 746 3042; x_wconf 80' lang='grc'>28.</span> <span class='ocrx_word' id='word_1_371' title='bbox 774 3007 911 3042; x_wconf 87' lang='lat' dir='ltr'>mensis</span> <span class='ocrx_word' id='word_1_372' title='bbox 934 3010 939 3051; x_wconf 92' lang='grc'>1</span> <span class='ocrx_word' id='word_1_373' title='bbox 964 3010 996 3051; x_wconf 74' lang='lat' dir='ltr'>Rc</span> <span class='ocrx_word' id='word_1_374' title='bbox 1021 3009 1097 3044; x_wconf 80' lang='lat' dir='ltr'>cod.</span> <span class='ocrx_word' id='word_1_375' title='bbox 1118 3010 1130 3052; x_wconf 76' lang='lat' dir='ltr'>ss</span> <span class='ocrx_word' id='word_1_376' title='bbox 1156 3010 1211 3043; x_wconf 89' lang='lat'>30.</span> <span class='ocrx_word' id='word_1_377' title='bbox 1238 3008 1374 3042; x_wconf 82' lang='lat' dir='ltr'>Fasces</span> <span class='ocrx_word' id='word_1_378' title='bbox 1394 3009 1405 3053; x_wconf 76' lang='grc' dir='ltr'>ΙΙ</span> <span class='ocrx_word' id='word_1_379' title='bbox 1430 3011 1485 3042; x_wconf 91' lang='lat'>31.</span> <span class='ocrx_word' id='word_1_380' title='bbox 1513 3006 1705 3042; x_wconf 86' lang='lat' dir='ltr'>consolum</span> <span class='ocrx_word' id='word_1_381' title='bbox 1728 3009 1733 3053; x_wconf 89' lang='grc' dir='ltr'>Ι</span> <span class='ocrx_word' id='word_1_382' title='bbox 1755 3007 1875 3043; x_wconf 84' lang='lat' dir='ltr'>fasces</span> <span class='ocrx_word' id='word_1_383' title='bbox 1899 3011 1904 3053; x_wconf 92' lang='grc' dir='ltr'>Ι</span> <span class='ocrx_word' id='word_1_384' title='bbox 1926 3019 2011 3043; x_wconf 83' lang='lat' dir='ltr'>con-</span> 
     </span>
     <span class='ocr_line' id='line_1_78' title="bbox 267 3063 2012 3113; baseline 0.003 -17"><span class='ocrx_word' id='word_1_385' title='bbox 267 3063 428 3098; x_wconf 81' lang='lat' dir='ltr'>solatum</span> <span class='ocrx_word' id='word_1_386' title='bbox 453 3068 463 3110; x_wconf 71' lang='grc' dir='ltr'>Η</span> <span class='ocrx_word' id='word_1_387' title='bbox 496 3069 551 3100; x_wconf 84' lang='grc'>33.</span> <span class='ocrx_word' id='word_1_388' title='bbox 579 3066 768 3101; x_wconf 86' lang='lat' dir='ltr'>adulando</span> <span class='ocrx_word' id='word_1_389' title='bbox 795 3078 839 3102; x_wconf 68' lang='lat' dir='ltr'>ea:</span> <span class='ocrx_word' id='word_1_390' title='bbox 865 3067 1052 3102; x_wconf 83' lang='lat' dir='ltr'>adolando</span> <span class='ocrx_word' id='word_1_391' title='bbox 1080 3079 1170 3102; x_wconf 76' lang='lat' dir='ltr'>corr.</span> <span class='ocrx_word' id='word_1_392' title='bbox 1190 3069 1202 3112; x_wconf 78' lang='grc' dir='ltr'>ΙΙ</span> <span class='ocrx_word' id='word_1_393' title='bbox 1222 3070 1276 3101; x_wconf 77' lang='grc'>36.</span> <span class='ocrx_word' id='word_1_394' title='bbox 1305 3066 1399 3101; x_wconf 78' lang='lat' dir='ltr'>alibi</span> <span class='ocrx_word' id='word_1_395' title='bbox 1419 3087 1464 3092; x_wconf 90' lang='lat'><strong>—</strong></span> <span class='ocrx_word' id='word_1_396' title='bbox 1485 3065 1716 3103; x_wconf 83' lang='lat' dir='ltr'>edificiorum</span> <span class='ocrx_word' id='word_1_397' title='bbox 1740 3072 1783 3102; x_wconf 67' lang='lat' dir='ltr'>in</span> <span class='ocrx_word' id='word_1_398' title='bbox 1807 3065 1908 3103; x_wconf 63' lang='lat' dir='ltr'>textu</span> <span class='ocrx_word' id='word_1_399' title='bbox 1933 3079 2012 3113; x_wconf 57' lang='lat' dir='ltr'>om„</span> 
     </span>
    </p>
   </div>
   <div class='ocr_carea' id='block_1_17' title="bbox 265 3124 656 3170">
    <p class='ocr_par' dir='ltr' id='par_1_50' title="bbox 265 3124 656 3170">
     <span class='ocr_line' id='line_1_79' title="bbox 265 3124 656 3170; baseline 0.008 -13"><span class='ocrx_word' id='word_1_400' title='bbox 265 3124 307 3157; x_wconf 75' lang='lat' dir='ltr'>in</span> <span class='ocrx_word' id='word_1_401' title='bbox 331 3135 398 3169; x_wconf 72' lang='lat' dir='ltr'>my.</span> <span class='ocrx_word' id='word_1_402' title='bbox 426 3125 510 3160; x_wconf 77' lang='lat' dir='ltr'>add.</span> <span class='ocrx_word' id='word_1_403' title='bbox 537 3137 581 3160; x_wconf 82' lang='lat' dir='ltr'>m.</span> <span class='ocrx_word' id='word_1_404' title='bbox 598 3130 616 3160; x_wconf 90' lang='lat'><em>1</em></span> <span class='ocrx_word' id='word_1_405' title='bbox 645 3127 656 3170; x_wconf 74' lang='grc' dir='ltr'>ΙΙ</span> 
     </span>
    </p>
   </div>
  </div>
 </body>
</html>
