2175 3428
182 146 269 188 228

181 256 355 299 Oblitus
387 256 481 311 pice
514 254 666 296 linitus
698 253 794 309 pice

181 328 404 371 Obnuerat
436 327 664 368 obtexerat

182 401 356 444 Obnuet
390 397 564 454 operuit
597 397 770 453 obtegit

182 472 348 516 Obnuit
381 470 520 525 operit

145 555 160 580 5
181 544 381 587 Obnutus
413 544 537 585 ueste
571 541 862 584 circumdatus
892 543 1014 583 ueste

181 615 338 659 Oborti
371 614 530 658 curiati
561 614 631 655 uel
662 613 709 655 in
742 628 787 655 se
820 613 1009 669 inpliciti

180 688 492 744 Obperimento
527 686 828 742 expectatione
861 683 1021 742 (νὺ-9.)

181 759 501 816 Obpignerabit
551 758 653 800 dato
710 756 889 814 pignere
944 772 1039 799 con-

238 831 400 888 ligabit
432 829 591 888 (Via-9.)

181 904 390 947 Obrizum
447 902 609 945 obrude
667 917 821 943 aurum
880 902 1040 944 dicitur

241 975 361 1034 (Cio.)

128 1059 162 1084 1⁰
182 1048 478 1105 Obrigescunt
497 1046 780 1088 indurescunt
802 1046 943 1087 calore
965 1047 1040 1086 aut

240 1121 383 1176 rigore
417 1117 535 1176 (Cic.)

181 1192 444 1248 Obsequella

181 1263 444 1306 Obseratum
477 1263 671 1306 clausum

179 1335 316 1379 Obses
351 1339 573 1392 sequester

175 1407 344 1451 Obsilla
376 1409 493 1465 regis
526 1408 682 1450 marsit

123 1491 156 1516 15
176 1479 447 1537 Obstrangui
480 1481 596 1522 latus
630 1479 868 1522 suffocatus

177 1552 486 1609 Obstrigillum
514 1567 650 1608 genus
672 1549 949 1594 calciamenti
970 1551 1037 1591 est

177 1624 424 1680 Obstupida
462 1639 611 1666 amens
650 1623 719 1666 uel
762 1625 906 1664 mente
949 1625 1037 1663 tur-

236 1698 340 1739 bata
371 1694 489 1753 (om.)

178 1769 463 1812 Obsurdescit
496 1767 651 1810 surdus
680 1767 870 1810 efficitur
903 1764 1018 1823 (om.)

179 1840 375 1883 Obtensa
407 1840 547 1897 gurda

125 1924 159 1949 20
180 1912 399 1954 Obstentu
432 1911 658 1955 occasione

181 1984 393 2026 Obtiones
440 1984 634 2026 officium
684 1983 877 2025 militum
925 1982 1039 2037 apud

239 2071 444 2099 romanos
478 2057 532 2098 ab
566 2056 777 2099 electione
810 2055 958 2097 uocati

180 2127 380 2170 Obtunsa
410 2127 660 2170 haeuetatia

182 2200 383 2243 Obtunsa
414 2200 653 2242 marcentia

182 2272 423 2315 Obtunsior
459 2272 686 2314 haebetior
723 2271 793 2313 uel
826 2269 1040 2313 occlusior

128 2355 162 2382 25
183 2343 432 2387 Obtunsum
466 2344 645 2386 surdum

640 142 897 179 EXCERPTA
923 142 989 177 EX
1012 142 1158 177 LIBRO
1185 141 1477 178 GLOSSARVM

1079 252 1287 295 Obuallat
1318 252 1507 308 undique
1544 252 1682 294 munit

1079 324 1363 367 Obuallatum
1395 323 1584 380 undique
1616 324 1834 366 munitum
1865 325 1935 366 uel

1137 398 1331 438 erectum

1080 468 1339 510 Occatorem
1395 468 1624 510 insitorem
1689 468 1937 510 abartorem

1138 540 1546 582 subruncinatorem
1615 542 1806 582 satorem
1866 540 1936 582 uel

1139 615 1332 654 actorem
1354 614 1572 654 aratorem
1584 611 1616 668 ¹)
1636 611 1717 654 hos
1738 612 1936 654 homines

1138 682 1376 741 agricule2)
1426 683 1588 741 pagani
1632 684 1735 726 deos
1779 684 1937 726 habue-

1137 759 1240 799 runt
1273 755 1388 813 (om.)

1079 829 1410 871 Occentauisset
1443 828 1747 871 concinnasset
1778 842 1934 883 conpo-

1138 901 1298 943 suisset
1324 901 1589 943 condidisset
1618 901 1937 943 centonizasset

1137 971 1279 1029 (Isioi.)

1079 1045 1315 1086 Occentare
1350 1047 1681 1086 contracantare
1713 1041 1858 1101 (Isid.)

1079 1117 1317 1160 Occentare
1362 1116 1406 1158 id
1445 1118 1512 1158 est
1555 1115 1717 1158 infame
1762 1130 1937 1158 carmen

1137 1204 1236 1231 cum
1268 1191 1387 1231 certo
1419 1188 1595 1230 nomine
1621 1187 1762 1230 dicere
1794 1185 1936 1244 (Isioi.)

1078 1261 1341 1317 Occipitium
1390 1261 1512 1303 locus
1562 1263 1664 1315 post
1721 1259 1936 1302 auriculas

1125 1334 1255 1390 quod
1286 1333 1405 1390 greci
1437 1333 1621 1389 bregma
1653 1330 1803 1374 dicunt

1079 1406 1271 1449 Ocistrio
1305 1419 1482 1462 grecum
1515 1407 1582 1447 est
1614 1403 1658 1445 id
1690 1406 1758 1445 est
1795 1403 1938 1446 taber-

1136 1478 1284 1520 narius

1078 1550 1162 1592 Oct
1194 1553 1288 1591 teos
1322 1549 1563 1591 ellenorum
1600 1548 1753 1604 lingua
1785 1548 1937 1604 aprilis

1136 1621 1297 1663 mensis
1331 1621 1491 1663 dicitur
1522 1618 1664 1678 (Isid.)

1077 1693 1317 1736 Occursare
1351 1692 1496 1747 sepius
1530 1706 1755 1734 occurrere
1782 1690 1899 1750 (om.)
1955 1703 1991 1729 35

1078 1766 1366 1821 Odeporicam
1391 1763 1695 1806 intinerarium
1718 1764 1937 1806 uiatorum

1138 1835 1253 1895 (om.)

1078 1909 1327 1952 Offabulare
1360 1909 1615 1951 concludere
1649 1907 1768 1966 (om.)

1079 1981 1236 2023 Offella
1267 1981 1486 2036 particula
1519 1978 1636 2038 (om.)

1079 2053 1236 2095 Offella
1267 2053 1322 2094 ab
1357 2053 1442 2094 offa
1474 2052 1734 2094 diminutiue
1767 2048 1884 2108 (om.)

1080 2124 1288 2167 Officiant
1324 2123 1526 2180 uirgilius
1564 2121 1699 2180 illic3)
1741 2122 1936 2165 officiant
1955 2135 1990 2161 40

1136 2195 1215 2238 leti
1248 2210 1323 2238 sue
1354 2195 1556 2252 frugibus
1590 2195 1718 2238 aerbe
1751 2192 1868 2252 (om.)

1078 2267 1179 2310 Olla
1220 2267 1299 2309 illa
1343 2267 1452 2309 alias
1495 2283 1574 2310 uas
1620 2267 1673 2309 ad
1719 2281 1936 2322 quoquen-

1139 2341 1242 2383 dum
1275 2337 1392 2396 (om.)

1957 1055 1992 1080 30

279 2512 314 2556 1)
346 2510 432 2546 add.
458 2512 543 2546 m.2
575 2510 587 2555 ΙΙ
619 2510 655 2554 2)
688 2507 771 2556 cule
796 2509 839 2544 in
863 2519 936 2545 ras.
963 2509 1050 2543 m.2
1081 2507 1093 2552 ΙΙ
1124 2507 1161 2552 3)
1192 2505 1248 2541 vel
1272 2504 1342 2539 illa
1372 2506 1383 2550 ΙΙ

281 2671 312 2703 3.
342 2666 484 2701 Obnuit
508 2677 552 2701 ex
579 2664 729 2700 Obnuet
754 2675 844 2699 corr.
877 2665 889 2709 ΙΙ
927 2667 958 2698 6.
986 2661 1135 2697 curuati
1160 2673 1204 2696 επ
1231 2659 1367 2694 curiati
1391 2670 1483 2695 corr.
1516 2661 1527 2704 ΙΙ
1566 2662 1620 2693 11.
1654 2658 1902 2703 Obsequellat
1925 2660 1937 2706 Η

187 2731 242 2763 13.
270 2727 386 2762 Obses
413 2737 457 2762 ex
484 2725 601 2760 Obset
625 2736 716 2760 corr.
736 2725 749 2769 ΙΙ
771 2726 824 2759 15.
853 2720 1173 2776 Obstrangulatus
1200 2732 1244 2757 επ
1271 2717 1607 2765 Obstranguilatus
1633 2729 1723 2754 corr.
1744 2721 1756 2764 ΙΙ
1778 2722 1831 2755 17.
1857 2720 1936 2754 tur-

186 2788 297 2832 patus
329 2798 373 2822 eae
402 2785 579 2821 turbatur
611 2795 702 2820 corr.
736 2786 740 2827 Ι
781 2782 827 2818 de
854 2782 988 2817 simnia
1013 2782 1088 2817 cod.
1128 2783 1140 2826 ss
1181 2783 1233 2816 18.
1260 2780 1306 2815 de
1333 2778 1456 2814 sinffia
1480 2779 1556 2814 cod.
1594 2779 1606 2823 ΙΙ
1644 2781 1699 2814 20.
1734 2778 1901 2814 Obtentu
1925 2778 1938 2826 Η

186 2850 242 2882 21.
270 2847 362 2892 aput
392 2846 404 2890 Η
436 2849 490 2880 22.
520 2844 665 2879 Obtusa
689 2855 734 2879 ex
761 2842 933 2878 Obtunsa
958 2852 1048 2877 corr.

1078 2842 1084 2886 Ι
1110 2839 1289 2875 haebetia
1314 2850 1359 2875 ex
1382 2837 1586 2874 haeuentia
1610 2849 1703 2875 corr.
1735 2840 1747 2883 ΙΙ
1778 2835 1834 2875 23.
1862 2837 1935 2873 Ob-

187 2908 272 2941 tusa
291 2909 303 2951 11
323 2909 379 2942 24.
405 2904 576 2940 hebetior
601 2916 645 2940 ex
671 2902 845 2938 habetior
869 2913 961 2938 corr.
981 2902 994 2946 ΙΙ
1013 2902 1069 2936 25.
1098 2898 1309 2934 Obtunsum
1333 2910 1378 2935 eae
1404 2898 1573 2934 Obtunso
1600 2909 1691 2935 corr.
1711 2899 1724 2943 ΙΙ
1749 2902 1806 2934 27.
1833 2908 1936 2943 erep-

187 2967 267 3000 tum
293 2977 336 3001 ea:
362 2966 526 3000 erectum
552 2976 643 3000 corr.
664 2965 676 3008 ΙΙ
706 2967 762 2999 28.
790 2961 981 3008 agricolae
1003 2964 1007 3007 Ι
1029 2959 1136 2996 cicer.
1164 2961 1240 2995 cod.
1270 2962 1281 3005 ΙΙ
1313 2961 1369 2994 34.
1396 2957 1535 2994 mensis
1560 2969 1606 2994 ex
1629 2957 1783 2993 mensiis
1807 2969 1900 2994 corr.
1925 2957 1938 3003 Η

189 3028 244 3059 35.
271 3037 396 3071 mem-90
421 3026 621 3061 abscissus.-
652 3035 782 3059 nomen
807 3023 969 3059 auctoris
993 3021 1088 3057 deest
1119 3022 1130 3065 ΙΙ
1162 3023 1217 3055 36.
1245 3017 1495 3064 Odeporicum
1517 3020 1521 3062 1
1550 3016 1786 3053 itinerarium
1811 3028 1856 3052 ex
1880 3016 1936 3051 in-

188 3084 408 3119 tinerarium
433 3096 523 3120 corr.
550 3086 562 3130 11
594 3087 649 3119 37.
675 3082 843 3128 hippocr.
870 3083 946 3119 cod.
973 3082 984 3127 ΙΙ
1016 3084 1072 3116 38.
1099 3083 1154 3114 39.
1182 3078 1348 3124 hippocr.
1376 3078 1451 3114 cod.
1481 3079 1492 3123 ΙΙ
1524 3081 1580 3113 40.
1607 3076 1777 3112 officiant
1801 3075 1936 3111 letisne

190 3143 360 3189 frugibus
387 3155 430 3179 esc
456 3143 626 3178 officiunt
650 3142 719 3178 leti
745 3142 824 3178 siue
851 3141 1026 3188 fragilius
1052 3150 1144 3176 corr.
1170 3140 1182 3183 l}
