2221 3490
255 1858 288 1881 10

308 166 393 207 6524

367 275 566 316 dicuntur
605 271 690 313 doli
730 270 1006 312 inimicorum
1045 269 1158 311 sicut

365 345 531 386 seruius

308 415 444 458 Simul
473 414 649 469 ponitur
670 429 748 469 pro
770 428 870 455 mox
893 415 939 454 ut
959 412 1157 454 horatius

366 487 469 528 dicit

308 558 419 599 Susii
480 560 580 599 sunt
636 556 883 598 uenditores

366 629 477 670 sicut
509 627 707 669 horatius

946 556 1158 597 librorum

307 700 443 756 Siligo
478 700 590 755 ginis
624 700 746 754 panis
781 698 909 754 sigali
1034 744 1042 751 ⁸

307 771 423 826 Scite
458 775 557 813 sunt
591 770 733 812 callidi
765 770 963 811 homines
996 769 1065 810 uel
1098 769 1159 810 in-

366 843 533 899 geniosi
564 842 675 883 unde
713 841 874 897 legitur
912 840 948 882 si
981 839 1162 881 dixisset

367 929 541 956 causam
573 914 685 968 apud
719 913 849 954 scitas

307 985 483 1041 Spinter
515 988 579 1026 est
617 984 751 1025 fibula
787 983 956 1025 humeri
997 983 1066 1025 uel
1099 999 1162 1025 ar—

366 1058 487 1099 milla
537 1071 659 1098 secus
718 1055 999 1111 grammatice
1053 1055 1160 1096 artis

367 1132 588 1170 auctorem

309 1201 442 1254 Siline
477 1202 577 1241 sunt
611 1198 865 1240 sterilitates
901 1198 1002 1253 quia
1034 1198 1096 1239 sal
1124 1196 1160 1238 si

368 1271 570 1314 ceciderit
603 1285 732 1325 super
770 1273 931 1311 terram
967 1269 1159 1310 sterilem

364 1343 470 1385 facit

308 1414 514 1457 Simfosia
547 1417 648 1455 sunt
685 1413 887 1455 conuiuia

308 1485 456 1542 Striga
471 1489 536 1527 est
550 1485 625 1526 ubi
641 1485 738 1539 equi
760 1485 1034 1539 stringuntur
1048 1483 1159 1524 unde

367 1557 547 1613 strigosi
573 1557 771 1598 homines
799 1556 1000 1597 dicuntur
1033 1554 1160 1596 maci-

365 1630 474 1672 lenti

309 1700 516 1743 Sennium
552 1702 618 1742 est
651 1701 901 1740 onestorum
942 1697 1160 1740 conuenti-

367 1773 511 1815 culum

310 1843 425 1886 Scifo
458 1843 526 1884 nis
565 1842 789 1891 uasculum
825 1844 976 1896 aptum
1008 1841 1061 1882 ad
1094 1855 1159 1882 co-

366 1916 542 1957 landum
575 1914 724 1955 uinum

309 1987 444 2030 Sceda
465 1989 565 2028 sunt
590 1985 800 2027 laciniosa
822 1988 863 2026 et
888 1984 1053 2025 uiciosa
1074 1998 1160 2025 car-

367 2060 485 2100 mina

311 2131 542 2185 Stloppum
581 2131 648 2170 est
687 2143 821 2184 genus
860 2127 978 2169 uasis
1014 2129 1160 2168 rotun-

368 2203 469 2243 dum
502 2215 549 2243 os
581 2200 745 2241 habens

311 2273 524 2315 Salarium
552 2274 618 2313 est
644 2270 888 2325 praebenda
920 2270 1048 2311 unius
1076 2269 1159 2311 diei

367 2345 435 2386 uel
486 2343 649 2398 patella
699 2343 743 2383 in
793 2356 876 2396 qua
926 2356 1023 2383 cum
1073 2341 1160 2382 sale

368 2415 559 2470 primitie
593 2413 674 2454 diis
708 2412 1000 2454 offerebantur

313 2486 527 2529 Stratoria
560 2487 660 2526 sunt
690 2484 893 2525 bancales

275 2578 289 2595 1
312 2557 568 2612 Scorpiones
590 2558 690 2597 sunt
710 2555 847 2596 fustes
870 2555 1053 2609 quedam
1068 2569 1162 2595 acu-

371 2628 488 2670 mina
512 2628 722 2669 habentes
749 2629 798 2667 ut
825 2625 1048 2681 grauiores
1076 2626 1162 2680 pla-

371 2715 447 2756 gas
480 2700 668 2741 inferant

314 2843 509 2885 Tissuris
542 2842 609 2884 uel
636 2845 685 2882 ut
713 2841 887 2896 quidam
915 2839 1071 2882 cicuris
1098 2841 1164 2880 est

371 2915 508 2956 uerris

313 2985 436 3039 Trice
471 2988 571 3026 sunt
613 2985 800 3040 ligature
840 2982 1022 3039 quedam
1055 2982 1164 3024 trico

373 3056 473 3097 hinc
524 3056 572 3097 .i.
623 3056 712 3112 ligo
757 3055 822 3096 uel
871 3068 1017 3095 moror
1065 3053 1165 3094 hinc

375 3127 686 3168 inextricabilis
1078 3138 1165 3165 non

753 3141 820 3167 res
897 3140 1004 3179 quae

774 161 1029 197 EXCERPTA
1054 160 1116 195 EX
1145 159 1335 195 GLOSSIS
1363 159 1587 194 AYNARDI

1254 270 1401 323 potest
1446 268 1644 324 disligari
1694 267 1827 323 longa
1871 268 1929 309 tri
1972 283 2049 323 per

1256 340 1402 382 omnia

1195 410 1434 453 Tolitarius
1468 413 1534 452 est
1568 409 1882 451 ambulatorius
1916 413 2050 465 equus

1195 481 1424 523 Turundus
1459 484 1526 523 est
1557 481 1682 536 panis

1197 553 1304 595 Tolo
1338 568 1385 595 as
1417 553 1518 595 uolo

1197 624 1433 679 Trapezeta
1453 657 1462 665 .
1484 624 1750 666 monetarius

1198 696 1330 738 Tolus
1376 699 1441 737 est
1488 696 1737 737 camberata
1780 695 1932 737 domus
1982 693 2052 735 uel

1258 768 1379 809 locus
1414 782 1497 822 quo
1532 767 1677 808 trabes
1711 769 1868 809 coeunt

1200 839 1370 881 Titulus
1399 842 1465 880 est
1492 838 1754 880 illuminatio
1781 836 1851 879 uel
1877 837 2051 892 aliquod

1260 910 1432 966 signum
1464 908 1710 951 nobilitatis

1199 981 1522 1024 Textiuilicium
1547 984 1648 1022 sunt
1675 980 1749 1021 fila
1773 979 1948 1034 putrida
1970 994 2052 1034 que

1261 1068 1284 1094 a
1325 1053 1424 1094 telis
1471 1053 1628 1094 cadunt
1671 1054 1713 1093 et
1753 1051 1930 1106 ponitur
1974 1065 2052 1105 pro

1260 1124 1377 1166 omni
1410 1123 1488 1165 uili
1520 1139 1565 1165 re

1199 1196 1384 1237 Tutulus
1417 1197 1484 1236 est
1516 1195 1675 1236 amicta
1709 1193 1916 1235 atutando

1198 1267 1443 1309 Tricurium
1494 1268 1560 1307 est
1616 1265 1775 1320 triplex
1826 1279 1929 1306 cura
1981 1264 2050 1305 1161

1259 1353 1393 1394 genus
1426 1338 1516 1380 ludi

1198 1409 1421 1451 Toracicla
1450 1409 1621 1464 sculpta
1646 1409 1792 1464 imago
1819 1406 2051 1461 pectoralis

1258 1496 1394 1535 usque
1428 1481 1480 1522 ad
1512 1483 1662 1535 pectus
1694 1480 1740 1520 in
1767 1494 1872 1520 auro
1905 1479 1974 1520 uel
2008 1479 2052 1519 in

1259 1552 1455 1607 quolibet
1495 1552 1682 1593 (liriuata
1724 1554 1896 1592 atorace
1938 1549 2052 1604 quod

1258 1627 1325 1665 est
1356 1626 1508 1678 pectus

1197 1695 1385 1750 Tippula
1423 1697 1489 1736 est
1531 1694 1691 1735 animal
1731 1693 1883 1735 liberis
1924 1691 2053 1734 uesti-

1258 1767 1341 1822 giis
1375 1766 1600 1807 ambulans
1634 1780 1762 1820 super
1793 1779 1926 1819 aquas

1198 1837 1327 1880 Toral
1348 1841 1450 1879 sunt
1465 1838 1584 1878 sedes
1601 1837 1818 1878 clocarum
1833 1835 1902 1877 uel
1921 1835 2053 1891 longa

1259 1924 1415 1964 mappa

1198 1981 1445 2035 Topantula
1477 1981 1545 2022 uel
1574 1982 1794 2022 omentum
1825 1981 1892 2020 est
1916 1992 2050 2033 pance

1197 2052 1347 2094 Titillo
1381 2055 1447 2093 est
1479 2066 1731 2094 commoneo

1197 2123 1337 2166 Trahe
1371 2126 1472 2165 sunt
1503 2123 1703 2165 uehicula

1198 2195 1448 2236 Transenna
1486 2197 1553 2236 est
1597 2194 1725 2235 fustis
1765 2195 1943 2235 cauatus
1982 2191 2052 2233 uel

1257 2266 1449 2308 fenestra
1487 2265 1587 2306 hinc
1626 2263 1942 2306 transennatim
1981 2263 2052 2305 ob-

1260 2353 1382 2391 scure
1417 2340 1459 2378 et
1490 2352 1577 2378 non
1607 2338 1798 2391 perfecte

1199 2409 1438 2450 Tarantara
1471 2411 1537 2450 est
1569 2423 1654 2449 uox
1687 2407 1948 2449 setaciorum

1200 2480 1372 2522 Tuchus
1406 2483 1472 2521 est
1506 2479 1681 2521 cuculus

1200 2551 1400 2605 Trepalio
1439 2552 1509 2592 uel
1548 2550 1696 2605 puteal
1738 2552 1805 2591 est
1844 2548 1965 2590 106113
2008 2548 2053 2589 111

1261 2638 1345 2677 quo
1379 2623 1441 2664 rei
1474 2622 1816 2664 uerberabantur

1201 2695 1364 2748 Taurei>
1398 2697 1499 2736 sunt
1530 2693 1653 2736 nerui
1691 2691 1894 2748 genitalis
1926 2691 2052 2732 bouis

1201 2766 1371 2808 Tubero
1405 2769 1471 2808 est
1502 2765 1739 2806 ramicosus

1202 2837 1397 2879 Todillus
1431 2836 1476 2891 (d
1502 2851 1550 2878 ex
1574 2836 1606 2877 ll
1633 2833 1753 2890 corr.)
1787 2834 1964 2890 gracilis

1203 2979 1404 3021 Virbium
1422 2980 1490 3020 uel
1505 2977 1718 3020 uirumbis
1737 2980 1804 3019 est
1815 2977 1883 3018 bis
1900 2976 2052 3018 uiuens

1203 3050 1464 3093 veredarius
1491 3053 1558 3092 est
1584 3063 1734 3092 cursor
1764 3047 1834 3090 uel
1865 3046 2054 3102 portitor

1203 3122 1397 3164 Vncinus
1430 3136 1605 3164 croccus
1639 3119 1709 3162 uel
1742 3118 1980 3174 aspidiscas

2070 563 2104 588 20

2072 1203 2106 1228 25

2071 1988 2106 2013 30

2071 2487 2106 2513 35

2071 2986 2122 3019 4ο,
