2216 3402
707 124 942 161 PLACIDVS
969 124 1155 161 CODICIS
1181 122 1395 160 PARISINI

173 237 369 292 Semipes
391 271 398 278 .
421 237 598 279 claudus

173 308 309 351 Sensa
337 343 344 350 .
369 311 476 351 nota
506 324 585 365 pro
619 323 770 350 sensus
804 307 1028 362 corporis.

232 395 358 422 sensa
391 380 475 423 dici
502 414 511 422 .
538 381 723 422 donatus
745 413 754 422 .
776 378 837 422 ait
857 414 863 420 .
887 379 1030 435 opicu-

231 467 330 494 reus
364 486 371 494 .
404 452 630 495 hostendit
661 486 669 494 .
702 451 882 494 homnia
933 465 1029 493 con-

229 524 407 579 preendi
445 539 574 580 posse
601 558 608 566 .
638 538 764 566 561156
803 522 998 578 601Ρο1·15

171 594 342 638 Sensim
363 630 370 638 .
392 595 583 638 molliter
604 628 612 636 .
633 595 704 636 uel
735 594 893 637 leniter

171 666 356 711 Senatus
377 701 385 709 .
404 667 620 710 nobilium
653 681 755 709 cura

131 754 148 779 5
171 738 397 781 Sententia
417 773 425 781 .
447 739 669 782 decretum

170 809 377 853 Seorsum
409 844 418 852 .
451 813 702 866 separatum

228 885 415 926 stratum

170 954 347 1010 Septem
368 969 488 997 arces
504 989 512 997 .
527 958 695 1010 septem
715 958 886 997 montes
912 955 1028 996 intra

225 1041 347 1068 roma

169 1097 352 1154 Seponit
372 1131 381 1141 .
402 1102 650 1154 sequestrat

169 1169 328 1226 Septus
348 1205 357 1213 .
378 1171 669 1214 circumdatus

114 1259 145 1284 10
167 1241 321 1298 Sepius
343 1277 351 1285 .
371 1242 642 1298 frequentius
674 1244 742 1286 uel
777 1244 928 1286 crebro

166 1313 395 1370 Sequoque
417 1349 425 1357 .
447 1315 629 1369 etiamse

166 1386 308 1428 Series
328 1420 335 1428 .
359 1386 464 1429 ordo

166 1456 316 1501 Seram
338 1492 346 1500 .
366 1458 537 1500 tardam
569 1459 855 1501 nouissimam

167 1529 290 1573 Seria
309 1565 316 1572 .
337 1531 584 1574 necessaria
603 1563 613 1574 .
633 1534 684 1573 ut
716 1532 901 1573 donatus

114 1619 145 1644 15
168 1601 352 1657 Serpens
374 1637 381 1644 .
405 1605 532 1659 aput.
548 1605 631 1660 urg
648 1638 654 1645 .
671 1605 752 1660 gn.
769 1593 902 1646 masd.
919 1607 1025 1659 aput

227 1664 383 1717 saffist
414 1674 624 1717 feminino
646 1709 653 1716 .
674 1690 813 1731 neque
848 1691 1023 1732 serpens

224 1746 468 1802 perniciosa

167 1817 319 1860 Sermo
341 1852 349 1859 .
371 1819 424 1863 ad
457 1820 637 1861 serendo
671 1820 812 1862 dictus

166 1889 351 1932 Serenus
372 1924 381 1933 .
399 1890 512 1933 letus
544 1891 740 1946 placidus

165 1961 395 2018 Serpulum
417 1997 424 2004 .
444 1963 636 2018 poleium
669 1967 910 2020 capestrem

166 2033 316 2076 Sertor
336 2069 344 2077 ,
366 2035 507 2077 cultor

111 2123 145 2148 20
167 2105 292 2148 Serta
313 2140 320 2148 .
343 2121 500 2149 corona
532 2108 689 2150 florum

167 2177 350 2221 Serenos
371 2212 380 2221 .
403 2180 567 2221 multus
589 2214 596 2222 .
618 2180 753 2222 letam
785 2180 971 2236 figuram

167 2249 268 2293 Sese
289 2284 297 2293 .
320 2251 511 2307 seipsum

167 2322 354 2379 Setigeri
374 2356 382 2366 .
405 2323 561 2366 cilicio
579 2323 730 2366 uestiti

168 2393 252 2437 Seu
272 2428 279 2436 .
300 2395 393 2438 siue

114 2482 147 2507 25
168 2464 290 2508 Seuit
309 2499 317 2508 .
337 2466 447 2509 furit
467 2501 476 2509 .
496 2467 644 2510 fremit
665 2503 672 2509 .
694 2468 858 2510 insanit

168 2537 352 2580 Seuerus
374 2572 381 2580 .
402 2539 618 2582 ueridicus

168 2608 387 2653 Seueritas
409 2645 417 2653 .
437 2611 670 2668 integritas
703 2611 851 2654 iudicii

170 2680 336 2724 Seuitia
357 2716 365 2724 .
386 2682 609 2726 iracundia
619 2683 651 2740 1)

169 2752 340 2796 Seuiter
360 2787 368 2795 .
391 2756 623 2798 crudeliter

115 2840 148 2866 30
170 2824 331 2868 Seuum
357 2859 364 2866 .
390 2841 505 2868 1111116
548 2829 775 2881 potentem
819 2827 889 2869 uel
935 2843 1026 2870 cru-

228 2897 367 2938 delem

736 843 745 853 .
771 811 840 853 uel
880 826 1027 866 seque-

1843 122 1926 162 149

1070 235 1307 278 Seuissima
1327 270 1334 276 .
1357 232 1632 276 atrocissima

1069 306 1204 349 Sexus
1226 341 1233 349 .
1253 309 1410 349 natura
1443 319 1579 362 genus

1067 376 1278 420 *8611613115
1301 411 1309 419 .
1330 392 1442 420 1111115
1480 380 1523 419 et
1559 392 1684 420 uerus
1720 390 1925 418 romanus

1128 453 1195 491 est
1216 484 1224 491 .
1246 465 1270 491 a
1303 452 1525 493 senectute
1556 449 1801 504 appellatus
1824 480 1832 488 .
1854 447 1926 502 qui

1127 522 1196 563 uel
1228 521 1431 564 fundabit
1469 522 1538 563 uel
1572 520 1693 563 auxit
1727 533 1926 562 romam.

1126 593 1196 635 1116
1230 593 1364 650 elegit
1386 628 1393 636 .
1414 594 1465 635 de
1504 593 1694 636 exercito
1731 606 1808 633 5110
1830 624 1838 632 .
1860 605 1925 632 56-

1126 665 1270 707 niores
1313 669 1488 708 centum
1515 698 1523 706 .
1550 679 1658 720 quos
1701 665 1925 705 senatores

1126 737 1366 792 appellabit
1387 771 1395 779 .
1416 737 1619 779 dicuntur
1660 736 1832 791 quidem
1855 769 1862 776 .
1883 738 1926 776 et

1126 812 1369 851 ceterarum
1408 809 1639 852 ciuitatum
1665 840 1674 849 .
1702 810 1924 849 senatores

1127 881 1243 924 curie
1275 880 1494 936 principes
1516 913 1523 921 .
1546 882 1612 934 set
1637 879 1719 921 hoc
1746 879 1791 920 in
1817 879 1926 921 anti-

1127 953 1223 1008 quis
1254 987 1262 994 .
1291 968 1379 995 non
1418 952 1545 994 modo
1587 953 1764 993 senator
1801 951 1885 993 dici
1916 984 1924 992 .

1125 1040 1214 1067 non
1250 1027 1399 1081 potest
1429 1058 1437 1066 .
1466 1023 1551 1065 nisi
1596 1023 1671 1078 qui
1715 1022 1761 1064 in
1806 1022 1925 1064 611116

1125 1112 1306 1139 romana
1349 1096 1482 1138 fuerit
1514 1130 1521 1137 .
1555 1109 1657 1137 nam
1707 1092 1880 1150 primi2)
1914 1126 1924 1136 .

1126 1169 1297 1212 ordines
1337 1168 1539 1211 dicuntur
1565 1202 1572 1208 .
1600 1167 1807 1208 inlustres
1829 1199 1837 1208 .
1860 1181 1922 1209 se-

1125 1241 1252 1284 cundi
1279 1275 1286 1282 .
1315 1240 1625 1296 inspectabiles
1658 1239 1780 1281 tertii
1807 1272 1814 1279 .
1842 1238 1925 1281 cla-

1124 1312 1286 1355 rissimi
1319 1348 1326 1354 .
1360 1313 1449 1355 iam
1493 1311 1673 1354 inferius
1719 1313 1924 1366 quartum

1124 1385 1300 1441 aliquod
1332 1399 1468 1441 genus
1501 1384 1590 1425 iam
1620 1398 1709 1425 non
1742 1386 1808 1425 est

1063 1456 1259 1513 εἰ’86011115
1300 1493 1306 1499 .
1347 1460 1390 1499 et
1441 1455 1569 1498 aliter
1620 1458 1663 1497 et
1711 1454 1924 1510 equaliter

1123 1530 1301 1585 ponitur

1063 1601 1272 1657 *Separia
1303 1637 1311 1644 .

1123 1676 1288 1716 stracta

1064 1745 1198 1801 Septa
1219 1780 1226 1786 .
1250 1745 1517 1788 circumdata

1063 1817 1226 1859 Sibilus
1256 1852 1264 1859 .
1296 1820 1356 1874 gfi
1381 1851 1389 1860 .
1417 1807 1543 1860 mffii
1572 1852 1580 1860 .
1608 1831 1778 1871 semper
1817 1817 1884 1857 est
1915 1849 1922 1857 .

1120 1904 1222 1931 nam
1261 1889 1391 1931 sibila
1422 1904 1502 1944 pro
1535 1887 1769 1945 participio
1802 1887 1923 1943 poni-

1119 1976 1215 2004 mus

1064 2033 1253 2076 Sicuitas
1276 2068 1283 2075 .
1304 2033 1515 2089 iniquitas

1064 2105 1211 2162 Sicayt
1231 2139 1240 2147 .
1260 2106 1324 2148 ita
1356 2106 1463 2148 dicit

1348 1616 1427 1657 pro
1472 1602 1673 1656 separata
1706 1635 1713 1642 .
1747 1602 1822 1642 aut
1863 1599 1922 1641 di·
1944 1608 1978 1634 35

1064 2177 1254 2220 Sicarius
1276 2212 1283 2219 .
1303 2177 1519 2219 homicida
1550 2190 1781 2232 percussor
1942 2186 1977 2211 40

1064 2251 1191 2293 Sica.
1213 2264 1351 2306 genus
1385 2249 1521 2305 gladii
1553 2247 1678 2304 parui

1064 2321 1212 2365 Sicubi
1233 2356 1241 2364 .
1262 2322 1325 2364 516
1357 2321 1517 2363 alicubi

1066 2394 1200 2437 Sidon
1221 2427 1229 2435 .
1251 2394 1408 2436 ciuitas
1430 2426 1438 2434 .
1461 2393 1576 2448 syrie

1066 2466 1227 2509 Sidona
1246 2500 1253 2507 .
1275 2465 1419 2521 patria
1451 2464 1598 2507 iunoni
1606 2462 1668 2520 s3)

1065 2538 1227 2581 Siforte
1249 2572 1256 2579 .
1278 2538 1421 2580 sicasu
1454 2537 1600 2579 subito
1936 2542 2068 2579 fol.19v

1943 2617 1978 2642 46

1066 2609 1394 2666 Significantius
1417 2643 1425 2650 .
1447 2608 1691 2664 expressius

1066 2679 1418 2738 Signansfflsteff)
1435 2715 1441 2722 .
1457 2680 1679 2723 euidenter
1700 2694 1899 2734 expresse

1065 2753 1220 2810 Signat
1242 2786 1251 2795 .
1271 2751 1477 2808 exprimit

1065 2825 1551 2881 Signifer.auctor.uel
1586 2822 1660 2879 qui
1687 2823 1813 2879 signa
1839 2823 1925 2865 fert

1065 2897 1212 2953 Signis
1233 2930 1242 2938 .
1265 2895 1423 2952 sigillis
1945 2906 1979 2932 50

269 3063 302 3108 1)
321 3048 436 3110 ’8611111
460 3061 560 3097 furet
584 3062 719 3098 fremet
744 3063 805 3098 uel
830 3063 973 3100 insanit
999 3065 1084 3101 add.
1111 3075 1155 3098 m.
1171 3066 1196 3099 2
1223 3062 1266 3097 in
1289 3072 1404 3107 mary.
1431 3061 1443 3105 ΙΙ
1476 3062 1512 3107 2)
1538 3060 1590 3095 1111
1611 3072 1682 3106 pro
1708 3071 1769 3096 mo
1795 3071 1887 3097 corr.
1913 3060 1916 3104 1

174 3122 210 3167 3)
236 3121 422 3168 Sydereus
448 3121 656 3158 luminosus
682 3124 764 3158 add.
793 3128 878 3160 m.2
904 3125 917 3170 ΙΙ
948 3126 985 3172 4)
1009 3127 1106 3160 2-3
1133 3124 1274 3159 litterae
1300 3132 1424 3157 erasae
1443 3122 1454 3167 ΙΙ
