2216 3402
226 150 375 183 XXXIV
969 147 1241 183 PRAEFATIO

225 273 329 301 esse.
364 283 419 289 --
453 259 587 301 Porro
622 259 852 300 earundem
892 258 1139 313 glossarum
1171 258 1390 312 exemplar
1428 258 1633 299 habuisse
1665 257 1971 300 ABRAHAMVM

226 329 473 372 ORTELIVM
513 345 562 371 ex
601 330 668 371 his
708 330 851 372 verbis
891 328 1050 371 codicis
1089 327 1502 385 Hamburgensis
1543 327 1606 384 (et
1637 328 1970 386 Havniensis)

197 437 200 439 Α
227 402 452 444 discimus:
486 401 555 443 ‘In
596 415 667 443 ms.
700 400 862 443 Isidoro
894 401 1129 442 Abraham
1162 399 1307 442 Ortelz'z·
1337 400 1433 442 haec
1470 403 1588 442 erant
1624 399 1788 442 addita'
1821 415 1854 442 e.
1880 414 1918 455 q.
1940 415 1972 442 s.

227 473 424 528 Denique
453 473 583 515 codex
612 472 828 514 OEHLERI
856 472 1258 514 commemorandus
1287 475 1365 526 est,
1392 472 1442 514 de
1470 463 1554 526 qu’o
1580 471 1801 514 LOEWIVS
1822 470 1973 515 Prodr.

228 560 267 600 p.
288 545 344 586 42
385 545 493 586 satis
534 544 703 585 videtur
742 543 914 585 dixisse.
951 568 998 573 —
1035 543 1101 584 Ex
1134 542 1194 585 eis
1228 543 1364 599 igitur
1397 557 1505 597 quae
1546 543 1755 597 proposui
1793 547 1974 598 apparet

230 616 312 657 duo
346 615 574 656 minimum
599 615 804 656 habuisse
833 613 1137 657 SCALIGERVM
1170 615 1414 670 glossarum
1442 614 1722 668 exemplaria:
1757 629 1808 656 ex
1836 614 1972 657 altero

227 701 340 728 nunc
384 689 434 727 ut
477 687 648 728 videtur
694 687 916 741 deperdito
961 675 1199 728 hauserunt
1238 685 1529 740 VVLCAMVS,
1573 685 1975 742 LlNDENBROGIVS,

229 758 371 800 scriba
416 757 576 799 codicis
617 757 886 813 Vaticani3
932 758 1117 799 alterum
1155 757 1374 812 exemplar
1413 756 1545 798 codex
1582 755 1851 799 Leidensis
1897 760 1974 811 est,

228 844 312 883 quo
341 843 467 870 usum
489 844 581 870 esse
602 828 853 872 PITHOEVM
877 844 920 871 re
942 829 1101 871 iterum
1122 843 1333 884 perpensa
1359 826 1432 885 (cf.
1453 843 1491 882 p.
1512 826 1701 885 XXXII)
1729 829 1976 884 suspicatur

226 899 443 942 LOEwivs
476 899 623 943 Prodr.
656 902 784 956 p.41.

351 971 470 1014 Haec
515 971 650 1014 habui
689 987 797 1027 quae
837 973 887 1014 de
932 972 1092 1028 glossis
1132 987 1155 1012 a
1199 970 1462 1013 SCALIGERO
1510 971 1702 1013 collectis
1747 972 1977 1026 praefarer.

233 1043 350 1092 Quas
384 1043 554 1099 glossas
590 1059 665 1086 cur
698 1060 749 1086 ex
780 1044 1016 1086 VVLCANJI
1050 1043 1238 1085 editione
1271 1042 1534 1097 repetierim,
1566 1057 1663 1084 cum
1696 1058 1747 1084 ex
1774 1044 1834 1085 eis
1869 1058 1976 1099 quos

229 1115 563 1157 commemoravi
604 1116 729 1157 libris
773 1115 1027 1170 saepissime
1066 1114 1351 1169 integriorem
1389 1113 1576 1155 formam
1613 1129 1867 1169 recuperare
1904 1130 1978 1170 po-

229 1186 406 1241 tuerim,
438 1186 549 1229 hanc
581 1187 715 1229 fuisse
749 1187 964 1228 rationem
997 1186 1218 1228 sciendum
1253 1188 1338 1227 est:
1385 1183 1428 1241 1)
1461 1185 1654 1240 plerique
1687 1186 1978 1228 recentiorum

204 1258 304 1312 >qui
345 1258 414 1300 his
454 1258 614 1314 glossis
647 1258 715 1299 usi
758 1262 859 1300 sunt
898 1273 922 1300 a.
955 1257 1202 1300 VVLCANIO
1241 1257 1450 1313 pendent3
1500 1254 1548 1313 2)
1587 1257 1720 1299 etiam
1749 1258 1787 1299 si
1818 1258 1978 1314 ubique

230 1343 326 1370 eam
358 1329 545 1371 formam
579 1345 709 1385 quam
744 1328 979 1372 SCALIGER
1011 1330 1190 1384 recepit,
1222 1329 1340 1371 nacti
1373 1343 1584 1383 essemus,
1617 1329 1860 1371 emendatio
1891 1345 1980 1371 non

231 1401 285 1442 ab
326 1401 408 1443 hac
449 1401 590 1442 forma
634 1401 853 1456 proficisci
895 1404 1060 1456 posset,
1100 1402 1173 1443 sed
1212 1416 1237 1442 a
1274 1399 1457 1442 vetustis
1499 1400 1694 1442 fontibus
1733 1415 1781 1442 ex
1822 1401 1978 1455 quibus

231 1471 379 1513 hausit
432 1471 690 1527 SCALIGER,
741 1473 816 1527 qui
865 1475 1038 1514 tantum
1087 1487 1175 1514 non
1228 1486 1376 1513 omnes
1428 1471 1559 1512 etiam
1615 1486 1729 1513 nunc
1785 1474 1980 1527 exstant3

233 1541 279 1600 3)
319 1558 497 1599 operam
536 1543 675 1600 igitur
714 1559 853 1586 meam
892 1543 1193 1599 perdidissem,
1232 1542 1268 1583 si
1310 1555 1509 1597 magnam
1550 1534 1786 1596 apparatus
1821 1543 1979 1586 molem

231 1615 523 1658 adscivissem.

352 1689 378 1740 ξ
413 1688 479 1729 19.
543 1687 821 1742 ‘Excerpta
859 1702 916 1728 ex
955 1686 1151 1742 glossis
1189 1683 1445 1740 Aynardi'
1484 1684 1702 1726 fluxerunt
1743 1700 1794 1727 ex
1835 1685 1980 1728 codice

233 1759 455 1801 Metensi
495 1759 581 1801 500
623 1759 783 1801 saeculi
820 1757 1055 1812 undecimi,
1096 1757 1247 1798 eodem
1286 1770 1371 1811 quo
1413 1771 1516 1797 usus
1557 1746 1623 1798 est
1665 1756 1897 1800 SEECKIVS
1936 1758 1982 1799 in

236 1829 534 1886 Symmachi
567 1830 628 1872 ed.
660 1829 793 1885 praef.
826 1846 865 1884 p.
885 1829 1001 1871 XIX.
1059 1826 1204 1870 Codex
1235 1828 1431 1870 continet
1462 1831 1636 1883 praeter
1669 1827 1754 1869 alia
1785 1828 1831 1869 in
1861 1827 1981 1870 foliis

238 1902 433 1943 91—-2411
466 1905 509 1943 et
553 1902 831 1944 1361—16011
869 1900 1131 1957 glossarium
1170 1899 1275 1941 satis
1315 1913 1522 1954 magnum
1559 1899 1640 1940 hac
1679 1899 1982 1954 inscriptione:

234 1973 393 2027 Incipit
425 1974 653 2027 ylosarium
691 1974 831 2015 ordine
874 1974 1159 2014 elementormn
1198 1974 1435 2024 ayreyatmn
1473 1971 1523 2012 ab
1555 1970 1830 2011 AYNARDO
1871 1985 1980 2013 anno

235 2044 287 2086 ab
307 2045 591 2087 incarnatione
610 2045 767 2086 domini
788 2043 1055 2087 DCCCCLX
1065 2042 1215 2084 VIIII
1228 2043 1343 2084 indi&
1366 2042 1471 2083 XII
1485 2042 1655 2095 imperio
1675 2043 1817 2095 mayni
1837 2043 1984 2084 ottonis

239 2116 448 2170 sepulchro
488 2117 761 2158 claudicatum
800 2117 893 2169 apri
933 2115 1163 2157 leuchorum
1194 2115 1329 2168 quinti
1357 2114 1568 2167 pontificis
1599 2113 1656 2155 ad
1689 2113 1984 2164 suplementum

238 2184 343 2228 inibi
380 2188 606 2240 deflentium
630 2188 868 2241 pasionum.
937 2186 1103 2229 Obsecro
1135 2199 1186 2228 ne
1217 2186 1267 2227 ab
1299 2186 1437 2239 aliquo
1460 2187 1721 2238 posterorum
1752 2185 1985 2227 destruatur

238 2272 287 2299 ne
332 2259 518 2299 inem-rat
559 2259 787 2300 uindictam
831 2259 894 2300 dei
934 2262 1196 2310 nostramque
1234 2256 1574 2310 imprecationem.
1639 2254 1774 2297 Vtenti
1813 2268 1891 2308 quo
1931 2256 1986 2297 sit

238 2330 362 2383 uenio
400 2333 436 2370 et
473 2330 625 2371 tollenti
656 2329 889 2371 anathema.
935 2330 1130 2371 Tenem-eis
1161 2328 1266 2370 erebi
1297 2342 1388 2369 enm
1419 2326 1557 2369 zabuli
1587 2326 1712 2368 sotiis.
1762 2326 1985 2379 Apofereta

239 2416 271 2442 e.
300 2416 338 2455 q.
367 2416 396 2442 8.
460 2401 757 2457 Apographon
789 2401 976 2443 confecit
1008 2399 1251 2443 LOEWIVS:
1291 2414 1342 2440 ex
1376 2413 1461 2453 quo
1495 2412 1602 2453 quae
1635 2397 1747 2439 edidi
1781 2399 1983 2452 excerpta

239 2472 377 2514 denuo
411 2471 456 2514 in
487 2472 567 2514 hac
600 2474 704 2514 urbe
739 2488 836 2514 cum
868 2473 962 2527 ipso
996 2472 1140 2514 codice
1174 2470 1350 2513 contuli.

360 2543 423 2584 De
463 2544 723 2598 glossario
756 2544 963 2586 Abavus
1003 2543 1193 2584 maiore
1234 2541 1491 2584 conferenda
1530 2542 1631 2582 sunt
1671 2554 1780 2594 quae
1812 2539 1893 2581 vol.
1920 2538 1985 2581 IV

242 2614 373 2670 praef.
412 2630 451 2669 p.
477 2614 662 2656 XXXIII
687 2630 778 2670 sqq.
817 2615 1015 2669 exposui:
1058 2615 1215 2670 quibus
1259 2612 1452 2655 addenda
1493 2625 1602 2667 quae
1642 2611 1687 2652 in
1726 2612 1986 2652 commenta-

238 2686 356 2727 tione
389 2687 438 2727 de
472 2686 583 2727 libro
617 2686 861 2741 glossarum
894 2686 1126 2740 scriptap.
1148 2686 1201 2727 37
1232 2685 1355 2737 [247]
1378 2698 1440 2738 sq.
1474 2683 1573 2724 dixi.
1635 2681 1703 2723 Ex
1748 2680 1831 2723 hoc
1873 2681 1985 2736 glos-

222 2757 356 2798 ‘sario
391 2756 583 2810 excerpsi
623 2757 827 2811 glossas
867 2757 1110 2798 meliores
1145 2756 1373 2811 quasdam,
1407 2768 1515 2808 quae
1547 2753 1592 2794 in
1625 2751 1865 2798 minoribus
1897 2751 1986 2794 illis

245 2828 468 2883 glossariis
514 2828 731 2869 volumine
772 2831 925 2881 quarto
972 2827 1099 2868 editis
1144 2841 1230 2868 non
1276 2827 1466 2879 exstant,
1507 2826 1730 2878 excerptas
1776 2823 1889 2865 edidi
1936 2838 1986 2865 ex

245 2899 388 2940 codice
423 2898 673 2940 Vossiano
713 2899 768 2940 82
814 2898 972 2939 saeculi
1006 2897 1067 2939 IX
1100 2896 1171 2952 (cf.
1205 2897 1288 2939 vol.
1315 2895 1375 2938 IV
1407 2894 1538 2951 praef.
1572 2910 1612 2949 p.
1637 2891 1821 2951 XXIV),
1867 2893 1988 2936 cuius

245 2970 443 3011 lacunam
500 2985 550 3011 ex
608 2970 751 3011 codice
801 2968 879 3010 Mo
892 2969 1100 3010 nacensi
1155 2969 1296 3011 1425?
1343 2966 1501 3009 saeculi
1547 2965 1607 3007 IX
1660 2965 1856 3021 supplevi
1915 2963 1986 3019 (cf.

248 3029 349 3081 ibid.
393 3055 430 3094 p.
458 3039 635 3095 XXIV).
687 3041 747 3082 'In
791 3055 971 3082 numero
1016 3039 1328 3095 glossariorum
1367 3037 1598 3087 minorum,
1641 3050 1749 3090 quae
1799 3035 1865 3077 illi
1907 3035 1990 3077 col-

252 3111 432 3153 lectioni
461 3112 686 3153 materiem
712 3112 1015 3167 praebuerunt,
1049 3110 1179 3152 etiam
1214 3110 1380 3166 glossa-s
1408 3107 1627 3150 Keronis
1655 3121 1763 3162 quae
1790 3106 1991 3148 dicuntur
