2175 3428
677 116 933 153 EXCERPTA
958 117 1024 152 EX
1048 116 1192 153 LIBRO
1214 117 1510 178 *GLOSSARVM

219 228 482 285 Postergum
515 228 569 270 ad
600 228 842 283 posteriore
874 230 998 284 parte
1031 228 1074 269 id

277 302 344 342 est
374 302 477 356 post
509 300 731 355 scapulam

217 372 373 414 Postes
388 372 536 426 tabule
551 371 688 414 hostii
703 371 993 415 masculinum
1008 374 1075 414 est

216 444 370 487 Postes
404 446 573 486 seratos
604 443 751 486 hostia
784 445 928 486 serata

215 516 457 559 Posticium
496 518 564 558 est
606 515 746 558 latens
788 515 984 557 hostium
1022 530 1071 557 eo

277 587 392 644 quod
424 589 626 630 renotum
658 589 726 629 est
758 602 783 629 a
813 586 989 642 publico

179 678 194 703 5
214 659 493 703 Postliminio
526 663 627 714 post
660 658 965 714 captiuitatem

213 731 541 775 Postliminium
555 730 630 786 qui
649 733 751 786 post
771 730 1073 786 captiuitatem

273 803 511 845 reuertitur
550 803 603 845 ad
641 802 737 845 iura
774 817 905 858 quam
943 801 1074 844 admi-

278 878 423 918 serant

215 947 462 1003 Postpridie
495 947 633 989 altera
664 947 732 989 die

214 1019 463 1075 Postpridie
495 1022 597 1075 post
629 1019 761 1061 tertio
795 1019 863 1061 die

214 1091 461 1147 Postpridie
493 1094 596 1146 post
628 1094 722 1134 tero
755 1091 823 1133 (116

162 1182 195 1206 10
215 1163 529 1206 Postulaticius
561 1162 634 1205 ille
668 1162 742 1218 qui
772 1163 1024 1218 postulatur

211 1235 439 1278 Prefocare
472 1237 628 1292 guttur
661 1235 1011 1292 obstranguilare

210 1306 499 1364 Prerogatiua
542 1307 800 1349 beneficium
849 1310 950 1349 ante
1001 1308 1072 1350 (10-

270 1382 424 1422 natum

212 1451 498 1509 Prerogatiua
524 1451 781 1494 excellentia
814 1450 1070 1494 meritorum

211 1523 501 1581 Prerogatiua
532 1517 923 1566 11611611611111161116
954 1523 1071 1566 obla-

271 1600 366 1639 tum
388 1610 517 1652 quem
544 1595 580 1638 si
607 1595 845 1638 reddideris
873 1596 960 1638 iam
983 1610 1072 1639 non

271 1668 508 1711 reddideris
540 1667 852 1724 praerogatiua

158 1758 191 1783 15
211 1740 508 1784 Presentiscat
540 1755 591 1783 ex
623 1743 720 1783 toto
754 1740 914 1791 sentiat

210 1812 386 1855 Presole
419 1815 596 1855 auctore

211 1885 388 1927 Presole
419 1887 670 1940 protectore

212 1956 388 1999 Presole
427 1956 591 1999 iudices
624 1957 678 1999 ab
712 1972 761 1999 60
796 1956 911 2012 quod
951 1971 1071 2012 prae-

272 2030 384 2081 sunt,
406 2027 567 2071 iudicio

212 2099 533 2157 Prestigiarent
563 2101 892 2144 ludificarentur

158 2191 192 2216 20
212 2172 550 2216 Prestrinxerim
581 2174 875 2230 permunerim

212 2244 412 2288 Presules
451 2246 525 2301 qui
570 2246 823 2303 regionibus
863 2246 933 2289 uel
976 2247 1070 2289 solo

271 2316 404 2372 prehe
436 2321 539 2360 sunt

211 2388 413 2431 Presules
444 2389 607 2432 iudices
640 2391 908 2446 presidentes

309 2558 344 2596 1)
372 2556 458 2592 add.
484 2559 570 2593 m.2
602 2559 614 2602 ΙΙ

1883 118 1969 160 235

1115 227 1315 270 Ρ1·6811168
1336 227 1499 271 iudices
1521 228 1575 270 ab
1597 242 1646 270 eo
1670 228 1784 282 quod
1810 228 1970 283 praehe

1174 296 1276 342 sunt
1307 299 1462 343 iudicis

1113 371 1292 415 Presule
1325 375 1501 415 auctore

1112 442 1292 486 Presule
1324 447 1573 499 protectore

1112 515 1290 557 Presule
1324 515 1580 558 auxiliatore

1111 586 1290 629 Presule
1323 586 1498 630 fabente

1113 657 1292 701 Presule
1326 658 1570 714 opitulante

1111 729 1288 773 Presule
1321 730 1487 773 factore

1111 802 1268 845 Pretor
1300 802 1375 858 qui
1404 803 1573 846 ciuibus
1605 803 1810 858 praehest
1842 817 1970 860 nego·
1990 818 2024 843 30

1171 874 1307 917 tiator
1353 874 1467 930 quod
1513 877 1579 918 est
1618 875 1772 931 predes
1817 875 1861 918 id
1905 879 1972 918 est

1174 946 1451 989 fideiussores

1110 1019 1313 1062 Pretores
1347 1019 1523 1061 secundi
1556 1022 1658 1061 sunt
1691 1018 1944 1062 consulibus

1110 1091 1324 1134 Preuelox
1356 1091 1482 1134 ualde
1514 1091 1642 1133 uelox

1109 1163 1297 1206 Prietios
1324 1162 1625 1206 bitiniensium
1651 1162 1801 1219 lingua
1827 1162 1970 1204 iunius

1170 1235 1330 1278 mensis
1363 1234 1522 1278 dicitur
1555 1231 1696 1292 (Isid.)

1110 1307 1365 1364 Primipilus
1384 1309 1587 1363 portator
1606 1306 1745 1361 prime
1762 1309 1855 1349 aste
1869 1322 1971 1349 116111

1167 1380 1258 1436 pila
1291 1383 1386 1422 asta
1419 1393 1556 1436 genus
1589 1379 1777 1422 telorum
1810 1382 1878 1421 est

1110 1452 1409 1508 Primipilares
1453 1466 1660 1494 numerus
1700 1454 1766 1494 est
1811 1451 1969 1507 milicie
1990 1466 2025 1492 35

1168 1525 1311 1581 primo
1343 1524 1555 1580 probatus

1108 1595 1417 1653 Primiuirgius
1439 1595 1668 1638 cabellaris
1690 1595 1804 1651 quod
1830 1595 1971 1651 prima

1172 1672 1239 1711 est
1271 1668 1455 1710 militiae
1488 1666 1600 1724 ius1)
1634 1667 1679 1710 in
1712 1667 1850 1724 uirgis

1110 1741 1346 1797 Priuignus
1378 1740 1527 1782 uxoris
1560 1739 1676 1781 filius

1111 1812 1346 1869 Priuignus
1397 1811 1511 1854 filius
1568 1811 1722 1854 matris
1774 1826 1825 1854 ex
1883 1812 1968 1855 alio

1170 1883 1450 1927 matrimonio

1110 1957 1321 2014 Priuigna
1366 1954 1523 2012 quibus
1570 1956 1765 2012 quelibet
1817 1956 1971 1998 mulier

1168 2044 1356 2072 nouerca
1389 2031 1456 2070 est
1486 2027 1550 2070 hii
1588 2028 1816 2085 priuignae
1849 2028 1970 2084 prius

1170 2101 1448 2157 appellantur

1110 2172 1305 2216 Procella
1338 2172 1490 2229 pluuia
1522 2188 1619 2215 cum
1652 2175 1914 2228 tempestate
1989 2191 2025 2216 40

1110 2245 1310 2288 Procella
1342 2245 1490 2287 subita
1515 2245 1583 2287 uis
1615 2247 1846 2287 uentorum
1874 2259 1971 2286 cum

1170 2317 1333 2373 pluuiis

1109 2390 1317 2433 Proceres
1367 2404 1495 2432 uarra
1545 2389 1655 2431 dixit
1705 2389 1826 2445 ligna
1876 2404 1970 2431 esse

314 2705 342 2735 1.
375 2699 621 2745 posteriorem
652 2700 798 2745 partem
830 2712 874 2735 ex
906 2700 1112 2746 posteriore
1143 2700 1251 2746 parte
1284 2710 1376 2735 corr.
1414 2701 1426 2745 Η
1464 2704 1496 2734 2.
1529 2699 1660 2734 Postes
1686 2699 1759 2745 ipsi
1801 2700 1805 2742 Ι
1846 2699 1934 2734 08111

216 2762 248 2794 4.
275 2758 478 2794 Postitium
501 2762 505 2803 Ι
529 2759 668 2794 ostium
687 2761 699 2803 ΙΙ
719 2762 749 2795 5.
779 2759 1044 2805 captiuitatem
1069 2772 1113 2796 ex
1140 2758 1405 2805 captibitatem
1430 2771 1522 2795 corr.
1543 2762 1555 2805 ΙΙ
1575 2763 1606 2794 6.
1636 2757 1901 2805 captiuitatem
1925 2771 1970 2795 ex

213 2818 480 2864 captibitatem
512 2831 604 2855 corr.
640 2821 644 2863 Ι
681 2818 914 2854 admiserunt
949 2822 962 2866 ΙΙ
1000 2824 1054 2856 16.
1089 2820 1219 2854 6111016
1248 2822 1252 2863 1
1284 2817 1381 2864 plac.
1409 2820 1484 2855 cod.
1524 2820 1536 2864 Η
1574 2822 1706 2855 17.18.
1732 2818 1830 2865 plac.
1856 2819 1932 2855 cod.
1963 2819 1967 2865 Ι

213 2882 269 2914 20.
296 2878 563 2914 Prestrinxerit
591 2881 595 2923 Ι
623 2878 875 2924 permunerim
899 2892 945 2916 m.
960 2884 994 2925 1,
1018 2877 1251 2927 pernumerit
1275 2881 1357 2914 m.4
1388 2879 1400 2923 ΙΙ
1432 2882 1487 2914 21.
1515 2879 1672 2924 presunt
1696 2890 1741 2914 ex
1765 2878 1970 2924 prehesunt

215 2950 306 2974 corr.
346 2940 358 2984 ΙΙ
395 2941 452 2974 23.
478 2940 634 2984 presunt
660 2951 704 2976 ex
728 2939 934 2985 prehesunt
958 2951 1048 2977 corr.
1073 2943 1077 2985 Ι
1100 2938 1240 2975 iudicio
1277 2941 1288 2983 ΙΙ
1326 2941 1381 2973 27.
1409 2937 1562 2973 fauente
1588 2950 1632 2974 ex
1658 2938 1811 2974 fabente
1837 2950 1928 2975 corr.
1958 2939 1970 2985 11

215 3002 270 3034 28.
299 2997 538 3044 oppitulante
575 3000 587 3044 ΙΙ
625 3002 681 3034 29.
708 2998 856 3034 fautore
892 3001 904 3044 ΙΙ
941 3003 1093 3035 30—32.
1120 2999 1186 3034 hae
1209 2998 1257 3044 91.
1285 3009 1350 3033 om.
1390 2998 1402 3042 ΙΙ
1439 3000 1495 3033 34.
1522 2996 1739 3043 Primipilas
1765 3009 1809 3034 ex
1835 2997 1967 3033 Primi-

213 3057 314 3103 pilus
339 3069 431 3095 corr.
455 3060 460 3103 Ι
484 3058 565 3093 6816
590 3070 635 3094 m.
653 3062 685 3103 1,
711 3058 820 3094 haste
845 3071 890 3095 m.
907 3062 929 3094 5
965 3061 977 3106 ΙΙ
1015 3062 1070 3095 36.
1099 3056 1302 3094 caballaris
1325 3059 1331 3103 Ι
1359 3055 1502 3092 milicia
1529 3056 1608 3092 eius
1644 3058 1656 3102 ll
1694 3060 1750 3094 39,
1777 3057 1818 3093 hi
1842 3070 1888 3095 ex
1912 3058 1967 3093 hii

219 3128 310 3154 corr.
331 3119 343 3163 ΙΙ
371 3121 427 3153 42.
455 3117 561 3165 ligna
587 3129 668 3154 6886
694 3130 738 3155 ex
763 3117 962 3166 lignicesse
989 3131 1080 3156 corr.
1105 3120 1110 3165 Ι
1137 3137 1141 3141 ’
