2221 3490
734 163 977 200 SPECIMEN
1005 163 1191 201 CODICIS
1217 164 1470 201 LEIDENSIS
1891 167 1980 209 415

218 275 348 317 Tueri
379 277 610 332 protegere
643 275 714 316 uel
747 274 965 317 custodire
1119 274 1295 332 Sosssrra
1335 274 1380 334 (o
1413 280 1451 319 et
1480 291 1525 319 rr
1556 274 1752 334 incertae)
1787 276 1978 319 imitatio
1998 290 2034 318 35

218 348 443 391 Violentia
474 348 608 390 fortia
1176 348 1246 389 uel
1279 348 1406 404 grina

217 420 502 477 Verbigratia
540 422 590 462 ut
623 419 661 462 si
699 419 813 462 forte
851 419 920 461 uel
953 419 1078 462 uerbi
1116 419 1301 475 Explosi
1335 420 1518 464 extincti

278 508 409 536 causa
1115 490 1303 547 Luperci
1337 494 1584 536 sacerdotes
1617 494 1858 549 lupercales

217 565 398 608 Vicibus
432 579 567 606 unum
598 566 701 618 post
730 578 865 605 unum
1123 562 1285 605 Bruma
1316 565 1512 608 breuitas

181 648 197 674 ⁵
217 637 296 680 Vti
330 635 693 694 quemadmodum
727 635 858 676 sicuti
1119 634 1378 691 Lupercalia
1411 637 1507 693 ipsa
1539 653 1662 680 sacra

217 709 414 752 Verbera
446 707 623 763 flagella
1120 706 1349 750 Zoziacum
1382 708 1613 751 sideralem
1998 727 2033 751 40

217 780 379 823 Vtatur
410 779 582 820 fruatur
1119 777 1333 834 Lupercal
1367 781 1579 836 templum
1612 797 1750 837 panos

216 852 453 895 Vetustam
484 852 677 892 ueterem
1118 849 1318 906 Vaporat
1351 853 1494 894 exurit

217 923 489 968 Coenobium
516 937 567 964 ex
594 936 723 978 greco
751 924 795 963 et
821 922 960 965 latino
982 938 1080 965 con·
1117 921 1326 965 Lustrum
1359 924 1638 967 inluminatio

276 997 470 1052 positum
515 1009 609 1036 esse
648 994 807 1036 dicitur
852 998 919 1038 est
964 996 1080 1039 enim
1119 995 1334 1038 Anomala
1367 996 1597 1039 dissimilia

275 1068 578 1111 habitaculum
610 1067 901 1122 plurimorum
1118 1068 1361 1124 Mappanus
1395 1070 1541 1124 apollo
1999 1086 2033 1111 45·

165 1153 197 1178 10
216 1140 534 1183 Monasterium
585 1139 713 1181 unius
764 1140 965 1182 monachi
1011 1143 1079 1183 est
1117 1140 1296 1196 Hyadas
1330 1156 1355 1183 a
1388 1141 1503 1182 tauri
1537 1141 1823 1184 similitudine

275 1212 492 1255 habitatio
525 1227 655 1254 mono
690 1212 805 1253 enim
839 1212 953 1267 apud
986 1226 1080 1268 gre·
1119 1211 1405 1255 Genthliatici
1438 1213 1626 1269 gentiles

278 1300 351 1328 cos
386 1285 528 1327 solum
562 1288 629 1327 est
1119 1283 1318 1327 Secunda
1348 1300 1558 1340 prospera

216 1357 438 1401 Parcitate
472 1357 736 1399 abstinentie
1315 1357 1568 1399 DEODEM
1601 1357 1780 1401 LIBRO

216 1430 464 1473 Prodiderit
495 1429 846 1472 manifestauerit
1118 1429 1320 1479 Feriatus
1354 1433 1530 1472 sanctus
1563 1430 1634 1472 uel
1666 1432 1838 1487 requies
1999 1447 2034 1472 50

215 1502 524 1545 Pusillanimes
557 1501 772 1544 inbicilles
1118 1501 1393 1545 Menstruum
1420 1503 1592 1558 quando
1619 1503 1724 1545 luna
1749 1504 1981 1547 distruitur

216 1574 441 1630 Precipuis
475 1574 677 1616 maximis
1178 1575 1248 1616 uel
1280 1575 1516 1617 instruitur

163 1658 196 1683 15
216 1662 238 1686 »ι
300 1663 324 1688 *
386 1663 407 1686 ιο(
472 1663 493 1686 >0<
557 1662 578 1685 »ι
642 1662 663 1685 >÷<
727 1661 748 1685 *
813 1661 833 1684 *
1117 1646 1309 1703 Eclipsis
1342 1647 1529 1690 defectio

71 1728 207 1764 folmu
307 1719 374 1762 IN
406 1718 584 1761 LIBRO
621 1716 988 1761 OFFICIORVM
1117 1719 1151 1761 F
1156 1719 1313 1762 atescit
1347 1720 1482 1762 soluit
1515 1719 1728 1763 contriuit

217 1790 484 1834 Commolita
517 1791 683 1833 molata
1116 1790 1293 1835 Phoebe
1326 1793 1392 1834 sol

217 1862 398 1906 Casulas
432 1863 718 1906 domunculas
1117 1864 1350 1906 Hiebernis
1382 1864 1647 1907 hiemalibus

217 1935 615 1978 Communitorium
648 1935 939 1978 munitionem
1116 1936 1251 1978 Orion
1284 1937 1541 1994 eburdnung

161 2019 197 2045 20
217 2007 452 2050 Delibutus
484 2010 642 2050 unctus
1115 2007 1239 2050 Atris
1271 2009 1411 2065 nigris
1442 2009 1569 2051 tetris

217 2079 539 2137 Follisssgantes
575 2080 615 2135 (e
634 2094 716 2134 pro
738 2095 762 2122 o
783 2078 905 2136 corr.)
939 2079 1076 2122 uestis
1117 2079 1405 2124 Genthliatici
1457 2081 1642 2138 gentiles
1688 2082 1758 2124 uel
1801 2086 1978 2126 natura-

275 2152 472 2208 grossior
1174 2153 1283 2195 lium
1317 2154 1552 2209 scriptores

216 2223 423 2266 Pronuba
454 2224 614 2267 herdus
647 2239 755 2280 uepe
1116 2225 1168 2267 In
1207 2226 1424 2283 georgicis
1464 2226 1539 2268 ubi
1577 2226 1629 2268 de
1669 2227 1842 2271 cultura
1883 2227 1978 2283 agri

217 2295 372 2339 Simila
406 2298 622 2339 smetuma
1178 2298 1337 2340 cecinit

217 2367 373 2410 Mitras
405 2367 559 2410 haetas
1116 2369 1202 2412 Via
1236 2373 1354 2413 secta
1387 2405 1394 2412 .
1428 2371 1592 2427 iringes
1625 2387 1734 2414 uuec
1997 2387 2031 2412 60

163 2452 196 2478 25
216 2439 453 2496 Decrepita
484 2440 625 2482 fracta
657 2440 728 2482 uel
760 2443 967 2483 uetorosa
1115 2440 1290 2484 Titania
1321 2443 1483 2486 solaria

216 2511 407 2554 Melodia
439 2511 680 2554 modulatio
1116 2513 1383 2557 Moloncolia
1413 2515 1571 2559 humor
1602 2515 1717 2558 fellis

215 2583 415 2640 Auguria
446 2583 641 2639 auspicia
1115 2586 1268 2629 Tethis
1301 2588 1424 2643 aquis

215 2655 482 2699 Follicantes
514 2656 651 2698 uestis
684 2657 880 2712 grossior
1117 2659 1270 2716 Opago
1304 2663 1501 2716 tempore
1535 2661 1668 2703 denso
1700 2661 1770 2703 uel
1803 2661 1944 2716 estiuo

216 2727 429 2770 Varuassi
461 2729 512 2770 de
544 2744 657 2770 uana
690 2729 855 2771 dictum
1116 2732 1334 2774 Artofilax
1367 2736 1514 2775 custos
1548 2733 1765 2789 aquilonis
1995 2747 2029 2772 65

161 2815 197 2840 30
344 2800 411 2843 IN
443 2800 621 2843 LIBRO
655 2801 947 2844 ROTARVM
1264 2803 1331 2846 IN
1363 2803 1542 2846 LIBRO
1576 2803 1825 2847 ANTONII

216 2870 470 2927 Deliquium
503 2873 688 2916 defectio
770 2885 775 2889 ”
1114 2875 1299 2919 Deficiet
1330 2876 1490 2932 fatiget

215 2943 346 2986 Faria
378 2944 552 3000 eloquia
1115 2948 1165 2990 In
1198 2948 1332 3004 agillo
1365 2948 1410 2990 in
1442 2962 1548 3003 agro

217 3016 398 3073 Frugali
429 3017 552 3073 larga
584 3017 655 3059 uel
687 3018 778 3060 lata
1113 3019 1428 3062 Infestionibus
1460 3019 1632 3061 iniuriis

218 3088 423 3145 Suprima
462 3089 634 3144 quando
675 3090 741 3132 sol
781 3090 834 3132 ad
874 3105 1075 3134 occasum
1113 3092 1338 3147 Extimplo
1373 3092 1525 3134 statim
1994 3108 2028 3133 το

277 3162 565 3218 subprimitur
1114 3164 1336 3207 Infitiandi
1368 3164 1557 3220 negandi
