2221 3490
598 139 856 175 EXCERPTA
881 139 946 174 EX
973 139 1146 176 CODICE
1173 140 1421 177 VATICANO
1451 144 1538 176 1471

183 250 343 308 Fliglis
368 250 602 305 spitalibus
624 250 784 292 uermis
814 249 1044 305 swpitalibus
1084 249 1362 308 Oppidaneus
1395 267 1447 293 ex
1479 251 1736 294 breuicitate

185 345 376 390 Globum
409 347 693 390 rotunditudo

184 419 304 462 Gene
337 419 447 461 mele
481 420 535 461 cla
566 418 676 461 facie

183 515 320 559 Hisce
354 515 526 571 osaperi

147 622 162 647 ⁵
184 611 241 654 In
273 611 401 654 fastis
434 610 644 653 inhonore
677 609 847 665 positus

183 684 234 725 In
268 684 471 726 contione
504 682 551 724 in
584 680 898 738 conuocatione

182 755 482 798 Incustodiam
515 754 735 796 coniectus
769 753 814 794 in
848 752 1047 794 custodia

244 827 404 869 missus

184 898 235 940 In
267 899 489 941 lautumus
521 898 568 939 in
600 896 847 940 carceribus

182 969 391 1026 Indeptus
425 972 684 1012 consecutus

132 1054 165 1078 10
184 1042 429 1085 Increbruit
462 1041 729 1084 defamatum
762 1044 830 1082 est

183 1114 304 1157 Inter
335 1114 442 1156 litus
474 1113 698 1157 intercisio
732 1113 855 1155 uerbi

184 1187 236 1229 In
269 1187 417 1229 caulas
450 1186 568 1228 intra
600 1185 816 1228 cancellos

1085 323 1308 366 Obsistere
1343 324 1520 366 obuiare

1086 395 1360 439 Obstrictum
1393 395 1680 438 constrictum

1083 501 1197 545 Pote
1232 503 1513 558 consequitur

1086 575 1294 617 Potarum
1304 590 1447 617 rerum
1458 577 1789 617 consecutarum
1800 590 1944 617 rerum
1965 585 1999 610 ‘25

1084 645 1297 688 Puellaris
1313 646 1604 688 deriuatiuum
1625 645 1782 687 similis
1802 647 1944 701 puelle

1145 718 1266 760 cultu

1085 788 1317 831 Peculatus
1359 789 1526 831 furtum
1572 790 1735 831 factum
1782 790 1832 831 (lc
1878 805 1944 831 res

1143 861 1320 916 publica

1085 932 1310 975 Parasitus
1342 933 1548 974 iniuriam
1581 932 1720 974 facere
1755 936 1798 974 et
1829 935 1921 989 pati

1085 1004 1368 1061 Prodigiosus
1395 1005 1468 1060 qui
1496 1007 1598 1046 ante
1627 1005 1788 1045 malum
1816 1005 1947 1061 signi-

1143 1077 1247 1119 ficat

1084 1183 1250 1241 Quotos
1285 1185 1409 1240 quasi
1443 1185 1540 1240 quis
1969 1197 2002 1221 30

184 1259 236 1301 In
265 1259 551 1301 consultando
579 1258 625 1299 in
647 1257 828 1300 consilio
844 1256 1044 1298 habendo
1083 1255 1398 1313 Rumigerulus
1432 1256 1624 1312 portitor
1658 1255 1842 1298 romoris

186 1330 345 1373 Inferie
378 1330 568 1385 placatio
601 1329 839 1370 inferorum

133 1411 165 1436 15
185 1403 496 1445 Incunctanter
528 1401 743 1456 intrepide

184 1474 367 1517 Incursa
398 1474 604 1516 uniuersa

185 1570 370 1628 Linguit
402 1570 596 1612 demittit

186 1643 398 1686 Lcntetur
431 1642 581 1685 odiose
615 1643 693 1683 fiat

185 1739 394 1782 Minitans
429 1738 600 1780 minans

1088 1328 1262 1385 Rogum
1295 1344 1371 1370 ara
1403 1331 1679 1370 mortuorum

1088 1400 1348 1456 Reciprocat
1381 1401 1578 1443 reuoluet
1611 1400 1857 1442 considerat

1089 1472 1276 1515 Recessu
1308 1474 1404 1516 loco
1438 1473 1634 1515 inferiori
1669 1474 1764 1515 loco

1086 1578 1134 1624 Si
1166 1582 1307 1636 parrit
1340 1582 1376 1624 si
1410 1585 1586 1624 constat
1971 1595 2006 1620 35

1091 1652 1234 1696 Scitos
1269 1655 1410 1710 aperit

1092 1724 1240 1768 Serem
1274 1727 1459 1782 segitem

133 1844 167 1869 ‘2⁰
187 1835 396 1878 Nuntium
448 1834 629 1876 allatum
681 1834 933 1875 nuntiatum
985 1834 1051 1875 de·
1092 1833 1952 1889 'fripudiumarsuelgaudiumtriumphi

249 1911 476 1964 portatum

188 2087 433 2144 Absportat
465 2087 519 2128 ab
553 2090 618 2129 est
651 2088 808 2129 absens
843 2090 910 2129 est

190 2161 383 2203 Abusiue
417 2160 601 2215 dispecti

187 2230 303 2274 Aula
335 2232 502 2275 alienus
536 2232 682 2274 cultur
714 2232 871 2275 uicinis

191 2304 592 2361 Adprestolandum
626 2305 678 2346 ad
712 2305 1032 2347 obseruandum

153 2385 169 2411 ⁵
192 2378 274 2419 Ast
306 2379 408 2433 post

189 2449 330 2491 Aerus
364 2448 566 2491 dominus

191 2522 259 2563 An
290 2522 388 2563 nuit
420 2521 554 2577 fulgit

193 2595 229 2635 A
262 2596 444 2636 nutatus
479 2592 611 2635 tertia
644 2593 738 2636 adie
773 2593 904 2635 tertia

190 2665 384 2721 Aquilon
415 2665 586 2708 fuscum
619 2666 795 2722 nigrum

141 2747 171 2772 10
192 2736 313 2780 Arua
345 2741 462 2780 terra
496 2753 578 2793 que
611 2740 760 2780 aratur

194 2810 403 2852 Astillum
436 2810 652 2852 dauanum

192 2917 327 2960 Blata
360 2932 496 2974 genus
529 2932 719 2974 purpure
751 2919 914 2959 uermis

192 2990 330 3032 Balax
364 2990 528 3032 stultus
561 2990 630 3032 uel
663 2989 873 3044 insipiens

193 3062 392 3104 Bitentes
427 3076 529 3104 oues
562 3062 778 3104 bellantes

142 3146 173 3171 15
195 3135 309 3177 Boat
342 3134 484 3190 mugit
517 3136 646 3176 sonat
679 3134 840 3176 clamat

1050 2002 1089 2045 V

1090 2087 1343 2129 Bullonium
1377 2088 1518 2129 lotum

1092 2159 1345 2202 Busterium
1397 2161 1471 2216 qui
1524 2175 1708 2215 corpora
1765 2159 1955 2200 humana

1153 2235 1318 2274 cremat

1092 2338 1426 2384 Cataractarum
1459 2356 1566 2384 uoce
1600 2340 1899 2383 tonitruorum

1092 2412 1310 2468 Capillum
1342 2413 1442 2456 locu
1475 2413 1520 2454 in
1553 2413 1739 2456 conuicii

1092 2484 1282 2540 Crapula
1309 2485 1491 2541 uinicipi
1512 2486 1586 2542 qui
1612 2485 1659 2527 in
1685 2485 1857 2541 digerto
1885 2485 1953 2526 uel
1977 2499 2010 2522 20

1153 2557 1379 2614 grutilitas
1413 2561 1490 2600 aut
1521 2559 1676 2600 nausia
1707 2557 1912 2613 propotio

1093 2628 1352 2685 Colaphizat
1383 2644 1532 2686 pugno
1567 2630 1747 2673 cedebat

1096 2701 1299 2745 Calculus
1333 2702 1505 2758 gladius
1538 2703 1734 2757 lapideus

1092 2772 1322 2816 Cabasitas
1355 2775 1566 2816 memoria

1093 2846 1296 2889 Ceterum
1329 2846 1466 2888 altera
1497 2845 1646 2887 fabula

1092 2917 1357 2974 Crepusculo
1384 2918 1512 2960 initio
1540 2918 1623 2959 diei
1652 2919 1728 2959 aut
1760 2917 1950 2959 innoctis
1973 2930 2006 2955 25

1094 2990 1295 3045 Cerapite
1317 2990 1552 3033 ateniensis
1574 3003 1697 3045 reges
1719 3003 1950 3045 grecorum

1093 3061 1237 3119 Cigmi
1270 3065 1398 3118 poete

1093 3134 1287 3177 colomis
1321 3135 1468 3176 saluus
